3004 4886
272 314 318 368 Dc
336 315 475 368 notionum
493 311 642 397 πολιτιιςός
659 317 686 366 et
705 313 843 384 σοφιστὴς
861 328 913 368 usu
930 313 1074 368 rhetorico.
1193 312 1256 369 259

97 488 283 570 tionemque
299 477 466 570 paratum'.
494 487 576 551 Tum
589 487 661 572 ipsa
672 507 735 552 non
748 493 813 552 tam
829 487 966 570 primum
981 493 1143 568 nascente,
1160 506 1256 568 quam

6 657 7 684 ,
97 590 206 655 subito
229 581 408 672 temporum
431 588 622 656 condicione
646 591 910 672 ingeniorumque
934 588 1075 672 quodam
1090 595 1184 655 aucto
1200 589 1255 652 im·

97 698 177 774 potu
188 711 340 774 magnum
356 693 586 756 incrementum
601 682 740 757 faciente
755 691 929 773 epidictice
944 690 1073 756 dicendi
1086 697 1164 771 arte,
1180 690 1258 754 indo

97 795 504 876 apostorioreprimi
520 813 551 875 p.
568 793 655 858 Chr.
672 814 702 858 n.
719 794 876 860 saeculi
899 793 1070 858 dimidio
1093 791 1258 875 sophistae

98 897 160 976 illi,
177 915 258 978 quos
270 915 341 960 cum
352 895 514 962 veteribus
526 897 708 962 auctoribus
725 898 958 962 consentientes
972 897 1101 979 proprie
1114 887 1257 976 tposte·

98 988 246 1063 riores’
266 997 374 1064 dicere
389 999 621 1081 consuevimus,
640 1005 741 1065 totum
756 998 850 1064 huius
865 999 954 1064 vocis
970 1017 1061 1064 usum
1077 997 1138 1064 sibi
1154 995 1258 1061 vindi-

100 1107 187 1178 cant,
210 1106 245 1164 ut
260 1120 332 1167 cum
346 1101 387 1166 iis
402 1120 575 1184 eorumque
590 1101 790 1183 professione
811 1101 957 1166 notiones
967 1083 1137 1184 ’σοφιστὴς
1153 1105 1185 1163 et
1201 1119 1258 1160 co-

6 1223 7 1238 *
101 1199 260 1287 φιστικὸς
281 1222 411 1286 prorsus
434 1204 498 1269 sint
519 1205 722 1286 coniunctae;
745 1208 841 1286 atque
857 1222 897 1267 ea
912 1203 945 1266 vi
960 1209 993 1267 et
1014 1201 1258 1283 significatione,

6 1345 7 1350 κ
102 1327 201 1389 quam
217 1305 412 1372 adiectivum
429 1303 625 1392 σοφιστικὸς
639 1307 681 1372 ab
698 1305 809 1371 horum
826 1305 987 1370 hominum
1004 1304 1112 1370 indole
1135 1323 1256 1369 corum·

103 1429 166 1493 que
182 1409 360 1474 orationum
381 1415 494 1474 natura
517 1409 610 1474 duxit
633 1408 678 1484 (id
694 1397 756 1474 esti
777 1400 858 1473 ‘arte
881 1413 1108 1491 comparatum,
1131 1405 1173 1470 ad
1189 1425 1258 1470 ora·

6 1537 7 1548 ¹
101 1513 200 1578 tionis
208 1511 478 1596 pulchritudinem
492 1517 711 1594 ornatumque,
725 1511 853 1595 saepius
861 1511 999 1586 inanem,
1013 1510 1141 1589 factum,
1154 1513 1258 1573 osten·

102 1615 218 1681 talioni
234 1605 448 1694 destinatum’,
465 1632 560 1696 quem
576 1634 667 1680 usum
683 1613 792 1678 abillo
809 1619 882 1696 post
897 1612 1027 1694 Epicuri
1043 1618 1189 1694 tempora
1204 1609 1259 1674 oh·

104 1724 267 1783 servatum
281 1737 344 1782 non
360 1736 477 1799 genere
488 1717 569 1800 ipso,
586 1715 643 1781 sed
655 1717 835 1798 frequentia
847 1715 949 1781 solum
963 1720 995 1778 et
1006 1713 1127 1777 ambitu
1139 1711 1259 1777 distare

104 1826 250 1903 apertum
274 1824 343 1902 est),
367 1821 464 1886 etiam
483 1819 686 1884 abartium
709 1816 983 1900 scriptoribus
1000 1812 1259 1880 detechnicis

105 1924 200 1988 rebus
223 1921 402 1987 adhibitum
426 1928 482 2004 est,
506 1921 655 2006 opposita
678 1918 764 1984 haud
787 1939 858 1985 raro
880 1919 1011 1983 notione
1033 1913 1216 1990 πολιτικός.

193 2024 292 2090 Vides
315 2025 421 2107 igitur,
444 2045 518 2088 nam
534 2043 574 2088 ne
593 2022 655 2088 hoc
677 2021 807 2104 quidem
829 2021 917 2086 nolui
939 2018 1072 2100 addere,
1096 2038 1159 2083 non
1181 2018 1269 2082 satis*

106 2134 196 2194 recta
217 2146 274 2192 seu
289 2129 336 2192 rei
354 2127 575 2207 intellegentia
597 2144 654 2190 seu
678 2125 857 2190 elocutione
880 2123 925 2187 uti
949 2124 1048 2203 eosb,
1075 2121 1129 2203 qui
1152 2119 1260 2185 dicant

106 2231 365 2313 posteriores
388 2228 598 2312 sophistas
621 2246 757 2293 nomen
778 2227 959 2292 traxisse
979 2223 1157 2308 aprimis
1179 2222 1260 2286 illis

107 2333 241 2416 quinti
265 2339 302 2398 et
324 2333 464 2415 quarti
488 2333 742 2398 saeculorum
768 2329 985 2412 sophistis,
1016 2326 1103 2410 quod
1125 2327 1171 2390 ite
1193 2325 1256 2406 plc-

107 2455 241 2518 rumque
264 2435 454 2516 significent,
478 2441 512 2500 ιιι
527 2434 650 2500 dicant:
670 2427 734 2494 ‘die
748 2452 847 2494 neuen
862 2427 1029 2512 Sopbr'steo
1051 2424 1204 2510 tndpflee
1221 2443 1261 2485 an

107 2537 158 2598 die
181 2537 300 2599 dlteren
323 2529 382 2598 ιιι).
427 2537 508 2601 Tale
533 2537 618 2600 enim
642 2535 736 2617 quid,
759 2535 939 2616 linguarum
963 2533 1052 2614 leges
1076 2536 1107 2594 et
1129 2546 1259 2594 cousue-

197 2728 221 2788 1)
239 2721 300 2776 Non
319 2720 401 2776 affero
420 2720 474 2774 nisi
491 2735 608 2788 paucos:
634 2717 845 2772 Meinersius
865 2717 937 2777 eius,
961 2729 1039 2782 quem
1058 2730 1084 2781 p.
1098 2716 1148 2766 204
1165 2710 1260 2764 lauda-

107 2809 206 2875 vimus,
223 2807 285 2861 libri
303 2823 329 2874 p.
344 2809 391 2861 227
401 2826 408 2860 ι
427 2804 590 2860 Lelelrerlicle
608 2805 644 2858 ist
661 2820 690 2859 es
707 2801 823 2865 endlieb,
843 2803 894 2854 den
906 2799 1054 2854 Aeschines
1072 2814 1134 2850 zum
1150 2795 1262 2865 Haupte

108 2894 159 2948 der
169 2895 310 2966 junqerea
329 2892 475 2963 Sopbisleu
493 2908 529 2945 zu
546 2889 670 2956 macheu,
687 2889 723 2942 du
741 2888 830 2942 dieser
848 2886 935 2940 Neme
952 2883 1057 2939 heinem
1076 2881 1185 2936 Redner
1202 2897 1261 2933 cour

108 2980 209 3051 Lysias
227 2980 268 3032 bis
285 2977 343 3046 eus
357 2977 458 3034 Christi
475 2975 577 3032 Geburt
599 2977 732 3048 pepeheu,
756 2973 876 3028 sundere
900 2977 955 3026 erst
978 2971 1054 3025 imi.
1073 2985 1100 3020 a.
1119 2967 1143 3019 2.
1162 2962 1260 3018 Jahrb.

109 3064 182 3119 need
196 3063 256 3120 Chr.
271 3057 457 3118 ‘creauere'
477 3063 587 3117 worden
605 3064 641 3117 ist
644 3081 656 3125 ,·
674 3076 743 3130 quae
755 3061 788 3114 de
800 3075 852 3114 usu
864 3059 937 3113 vocis
950 3053 1088 3126 σοφιστὴς
1100 3050 1262 3106 Meinersinr

109 3151 176 3204 dicit
187 3151 204 3202 l.
218 3151 236 3204 l.
250 3167 276 3218 p.
291 3154 340 3203 224
349 3149 462 3213 ι,-22ι,
480 3148 609 3218 pleraque
626 3161 753 3215 perverse
771 3151 843 3200 sunt.
861 3173 895 3184 —
913 3139 1114 3208 Bernhardy
1132 3137 1220 3203 (Gedr.
1235 3134 1263 3192 d.

108 3252 150 3303 gr.
163 3236 228 3290 Litt.
243 3238 253 3289 l
266 3253 292 3304 p.
307 3241 379 3300 bell:
399 3234 439 3288 Es
451 3234 608 3289 merseburc
620 3234 663 3286 eiu
675 3231 789 3301 prosser
803 3229 906 3282 lrrlum
919 3244 957 3282 eu
968 3226 1096 3297 plaubeu,
1114 3224 1164 3277 der
1177 3221 1263 3275 Name

109 3319 250 3394 σοφιστῆς
261 3323 300 3376 sei
312 3320 426 3375 rziemols
438 3320 535 3388 ausser
551 3316 668 3386 Umleuf
674 3315 833 3386 pehommeu
846 3318 925 3381 (quae
937 3313 1010 3377 dicit,
1026 3312 1053 3364 ni
1066 3310 1153 3372 fallor,
1168 3313 1263 3362 contra

109 3408 423 3471 Westermannum,
443 3405 541 3459 Gesch.
560 3402 585 3457 d.
604 3401 771 3455 Beredskt.l
788 3416 814 3467 p.
829 3403 876 3452 201
897 3415 923 3452 n.
940 3401 981 3459 ιι)
1000 3437 1048 3450 ...
1068 3397 1104 3448 im
1124 3390 1265 3462 Gepenteil

6 3487 7 3498 .
110 3509 170 3547 reor
187 3492 260 3546 diese
273 3491 445 3560 Beneununq
463 3491 521 3558 auf
534 3485 741 3544 litterarisehem
760 3483 867 3540 Gebiete
885 3483 934 3537 mit
951 3481 1004 3535 den
1021 3481 1095 3536 alteo
1113 3476 1262 3548 Sophisteu

110 3579 253 3634 erlosoheu
272 3619 321 3631 ...
339 3577 378 3630 sie
395 3575 475 3630 liebri
493 3585 584 3630 zuerst
602 3573 643 3628 bei
655 3571 709 3628 Dio
724 3569 818 3642 Chrys.
838 3568 945 3624 wieder.
963 3597 996 3606 —-
1015 3565 1185 3621 Christius
1203 3562 1262 3627 (Gr.

112 3664 177 3717 Litt.
196 3663 287 3728 gesch.
306 3679 332 3730 p.
348 3665 418 3727 592ιι
438 3665 481 3715 Are
498 3661 571 3714 diese
588 3661 613 3712 2.
626 3662 677 3713 Art
695 3657 745 3712 der
756 3656 903 3728 Sophisteu
922 3651 982 3719 truie
1001 3650 1118 3721 Gorpias
1136 3665 1162 3702 u.
1178 3646 1262 3700 ΤΙινα-

110 3753 191 3820 sym.)
209 3747 299 3818 lcni'ip
306 3748 360 3814 ste
372 3746 415 3800 die
427 3761 496 3800 neue
509 3742 652 3815 Sophistilc
670 3761 714 3796 ao.
734 3773 766 3780 —
785 3740 937 3795 Rohdius
955 3737 1012 3801 (Gr.
1026 3735 1132 3789 Romen
1150 3749 1177 3801 p.
1191 3734 1263 3794 29llr

111 3832 302 3904 Articutipfeud
316 3848 352 3885 aru
363 3833 433 3903 jone
445 3836 514 3886 erute
530 3829 665 3884 Bldtezer't
682 3827 898 3896 kunstmdl'slqer
909 3821 1078 3889 Rederibuop
1097 3855 1143 3870 ...
1161 3823 1264 3869 aarum

110 3918 170 3974 siclt
186 3918 275 3974 dieser
291 3925 370 3988 spele
386 3915 538 3986 Herbstflor
555 3914 605 3969 der
618 3911 834 3968 Bererllsomlteit
848 3904 915 3963 ‘die
933 3907 1052 3962 zrueite
1069 3899 1225 3973 Septicii
1231 3894 1264 3952 lc‘

112 4005 235 4069 (meliora
247 4003 326 4057 docet
339 4001 461 4056 Rohdius
472 4000 537 4054 ibid.
552 4018 578 4069 p.
593 4003 642 4054 293
655 4007 682 4052 ct
694 4015 722 4066 p.
734 4001 782 4051 293
795 3997 857 4050 adn.
872 3999 905 4060 2).
919 4023 951 4033 -
963 3989 1150 4046 Kaibelius
1162 3986 1264 4052 (Herm.

111 4089 165 4144 XX
183 4092 255 4151 sust:
274 4089 314 4141 sle
331 4086 457 4156 sedliesst
474 4103 527 4156 cup
545 4102 581 4138 aa
599 4085 643 4139 die
660 4085 715 4138 alle
732 4081 874 4151 Sophiste
892 4095 936 4133 ure.
1095 4160 1109 4190 *

1058 4164 1086 4212 l'l
