2990 4886
264 339 306 394 De
322 339 463 396 notionum
481 336 629 407 πολιτικὸς
647 346 674 396 et
692 342 831 414 σοφιστὴς
848 357 901 398 usu
918 343 1063 400 rhetorico.
1168 384 1171 388 -
1186 346 1247 405 163

92 515 139 589 2);
161 506 325 579 ‘Oratoris
347 511 487 580 officium
511 521 560 581 est
582 515 623 581 de
646 515 685 581 iis
708 517 803 583 rebus
827 536 922 601 posse
945 517 1063 602 dicere,
1090 537 1249 601 quaeres

92 616 141 681 ad
170 636 278 682 nsum
311 616 474 682 civilem
505 618 646 684 moribus
675 637 714 684 ac
747 620 873 702 legibus
903 620 954 696 (ci.
978 642 1009 705 p.
1036 621 1256 698 ronedum

92 718 282 784 constitutae
305 725 393 800 sunt,
423 739 494 785 cum
517 721 703 786 assensione
725 722 923 803 auditorum,
953 722 1060 804 quoad
1086 723 1155 790 eius
1178 723 1247 790 fieri

91 811 223 902 potest'.
269 819 364 899 Quod
385 821 572 904 Doxopater
597 823 658 902 (W.
674 823 705 888 ll
721 827 771 909 76,
796 829 826 901 3)
850 825 882 889 in
906 823 956 892 his
979 825 1074 891 rebus
1097 826 1247 892 confusus

91 929 150 1006 est,
172 943 267 989 nemo
290 924 465 988 mirabitur.

176 1025 267 1091 Haec
282 1025 369 1091 dicta
385 1026 482 1090 velim
499 1024 540 1091 de
558 1027 707 1092 omnibus
729 1027 778 1109 iis,
802 1027 858 1109 qui
881 1027 949 1094 sive
973 1024 1013 1090 ἓν
1035 1027 1244 1112 πολιτικῷ

91 1125 299 1213 ζητήματι
322 1129 391 1194 sive
415 1124 455 1190 ἐν
478 1127 687 1211 πολιτικῷ
717 1125 933 1211 πράγματι
963 1131 1033 1196 sive
1056 1127 1097 1193 ἐν
1120 1131 1246 1196 πολι-

89 1235 178 1315 τικῇ
194 1219 266 1314 ὅλῃ
283 1229 463 1296 rhetoricae
475 1231 643 1296 materiam
659 1230 761 1296 Fabio
778 1236 860 1296 teste
876 1231 920 1308 (Il
939 1236 989 1307 15)
1005 1233 1246 1317 constituerunt,
1290 1287 1294 1323 ¹

89 1333 239 1396 nimirum
256 1333 298 1397 de
313 1333 524 1415 Aristone,
540 1331 674 1398 Critolai
690 1332 859 1417 discipulo,
875 1335 1096 1416 peripatetico,
1114 1334 1245 1401 Theo·
1292 1330 1296 1425 l

90 1435 189 1499 doro
220 1433 428 1518 (iaderae,
459 1435 629 1500 Albutio
652 1433 758 1517 Silo,
789 1433 982 1501 Cornelio
1007 1434 1125 1502 Celso
1148 1439 1245 1520 paulo
1294 1439 1298 1511 l

89 1537 231 1619 iuniore,
260 1536 348 1601 mille
370 1537 460 1618 aliis,
484 1537 537 1618 qui
565 1537 752 1602 nominatim
776 1557 839 1602 non
865 1537 1044 1603 laudantur.
1080 1539 1163 1605 Nam
1188 1539 1246 1606 hos
1297 1541 1301 1623 ζ

89 1658 200 1705 omnes
223 1638 443 1722 Hermagorae
472 1639 505 1702 in
533 1637 662 1703 modum
685 1658 766 1704 voce
788 1635 964 1714 πολιτικὸς
992 1660 1066 1706 usos
1096 1661 1166 1707 esse
1195 1662 1246 1708 res
1299 1646 1301 1659 '

89 1743 162 1824 ipsa
185 1740 281 1806 docet
303 1747 336 1805 et
358 1742 411 1806 vel
427 1739 647 1822 Hermagorae
665 1741 849 1824 auotoritas,
873 1761 956 1824 quae
978 1749 1045 1808 tum
1068 1743 1138 1825 fuit,
1161 1763 1246 1809 com·

89 1842 238 1924 mendat;
266 1861 371 1924 neque
393 1841 513 1908 Fabius
542 1842 705 1908 diversum
734 1843 767 1906 in
795 1842 925 1909 modum
956 1843 997 1909 de
1027 1842 1077 1910 his
1099 1845 1245 1910 omnibus

89 1945 223 2011 iudicat.

176 2047 247 2112 Hoc
263 2047 442 2140 innumero
459 2045 556 2110 etiam
580 2047 606 2110 is
623 2051 680 2126 est,
704 2047 769 2129 qni,
792 2045 938 2113 rhetores
961 2047 989 2113 si
1013 2054 1150 2132 spectas,
1167 2053 1246 2115 cen·
1342 2115 1350 2145 s

89 2169 197 2215 suram
219 2156 361 2214 nostram
385 2148 524 2230 excipit,
551 2147 790 2230 Dionysius.
828 2149 911 2214 Nam
936 2148 1150 2216 Ciceronis
1172 2151 1246 2233 loci,
1334 2158 1343 2243 l

89 2253 207 2334 quibus
222 2243 535 2316 locutio‘orationcs
552 2249 665 2315 civiles
680 2250 734 2314 vel
752 2241 910 2316 forenses'
931 2253 1076 2333 occurrit,
1100 2253 1145 2317 ita
1167 2253 1247 2317 mihi
1332 2258 1334 2269 ⁴
1483 2265 1484 2346 j

88 2354 240 2420 videntur
262 2352 448 2435 comparati,
475 2357 510 2416 ut
531 2351 574 2416 ad
597 2351 825 2418 technicam
848 2351 937 2419 vocis
960 2350 1135 2430 πολιτικὸς
1157 2375 1245 2421 usur·
1483 2353 1484 2400 l

88 2458 253 2539 pationem
276 2453 499 2520 illustrandam
521 2453 603 2518 nihil
625 2453 779 2538 afferant;
803 2473 998 2538 quamquam
1022 2456 1102 2521 illud
1125 2463 1246 2523 certum

89 2566 136 2625 est
164 2558 317 2624 iudiciale
346 2563 378 2622 et
407 2556 653 2621 deliberativum
684 2577 785 2638 genus
809 2559 917 2623 multis
940 2559 1020 2624 locis
1043 2561 1089 2624 ita
1110 2579 1246 2626 comme-

88 2661 217 2742 morari,
242 2667 275 2724 ut
296 2660 428 2726 dubium
444 2679 507 2724 non
523 2659 574 2740 sit,
598 2660 675 2741 quin
696 2658 843 2724 Ciceroni
867 2659 947 2726 haec
970 2661 1034 2726 duo
1057 2681 1177 2744 genera
1191 2683 1245 2728 na·

89 2770 179 2828 turae
203 2762 398 2844 aequalitate
421 2761 513 2844 quasi
537 2763 706 2826 coniuncta
730 2779 800 2828 esse
824 2767 855 2826 et
878 2762 960 2826 inter
982 2763 1044 2827 tria
1066 2762 1246 2830 rhetoricae

1352 2054 1404 2064 ,-

90 2885 209 2946 genera
237 2864 378 2946 speciem
404 2865 509 2947 ipsam
533 2882 659 2946 quoque
689 2863 874 2946 bipertitam
899 2863 1027 2930 efficere
1051 2866 1120 2930 risa
1143 2866 1245 2943 sint.¹)

89 2967 249 3032 Notabilis
279 2965 332 3031 hio
360 2985 440 3032 unus
469 2963 549 3030 mihi
578 2965 706 3032 videtur
733 2966 839 3048 locus,
870 2965 917 3031 de
947 2986 997 3032 or.
1027 2967 1154 3049 11128,
1185 2971 1245 3032 109

90 3071 138 3148 (cl.
155 3069 234 3136 ibid.
251 3069 283 3134 Π
300 3072 349 3150 15,
371 3071 410 3132 65
427 3072 501 3153 sq.]:
521 3062 653 3135 ‘dicunt
675 3069 771 3152 igitur
793 3069 858 3152 illi,
888 3071 943 3152 qui
965 3071 1168 3153 peripatetici
1190 3078 1246 3137 aut

89 3172 269 3240 academici
298 3172 499 3238 nominantur
524 3173 612 3246 (olim
709 3172 833 3256 politici
861 3171 1047 3257 philosophi
1077 3174 1245 3258 appellati)

90 3293 240 3341 omnem
259 3265 460 3340 ‘civilem'
487 3275 714 3340 orationem
734 3275 770 3338 in
793 3273 931 3340 horum
953 3276 1154 3340 alterutro
1177 3297 1244 3358 ge·

89 3399 183 3444 nere
207 3377 382 3458 versari,
405 3383 475 3442 aut
491 3376 676 3442 definita
696 3377 978 3442 controversia
1000 3377 1124 3442 certis
1147 3382 1243 3442 tem-

90 3479 414 3563 poribusacreis
432 3527 439 3543 .
456 3528 463 3542 .
481 3527 488 3542 .
506 3528 513 3542 .
530 3479 781 3544 autinfinite
804 3477 851 3544 de
873 3479 1070 3544 universo
1093 3497 1243 3562 genere

90 3582 339 3666 quaerentis.
377 3581 483 3664 Atque
506 3579 619 3646 horum
641 3581 787 3662 superius
810 3580 890 3646 illud
912 3599 1014 3664 genus
1036 3600 1166 3647 causam
1188 3588 1244 3648 aut

90 3685 340 3752 controversiam
362 3684 530 3767 appellant
552 3701 688 3766 eamque
710 3683 830 3766 tribus,
853 3683 909 3748 lite
931 3689 987 3748 aut
1009 3683 1242 3750 deliberatione

90 3795 144 3853 aut
165 3785 367 3860 laudatione,
390 3783 559 3851 definiunt:
589 3784 670 3850 haec
692 3792 797 3850 autem
821 3786 923 3850 altera
949 3787 1095 3867 quaestio
1118 3785 1242 3852 infinita

91 3897 122 3954 et
150 3889 242 3972 quasi
270 3887 454 3972 proposita,
489 3887 679 3954 consultatio
712 3877 920 3953 nominatnr’.
972 3885 1095 3964 Quibus
1124 3889 1241 3971 verbis,

89 4020 293 4030 ———-.

159 4109 183 4170 t)
201 4104 243 4160 Cl.
255 4119 278 4160 e.
290 4122 316 4174 g.
329 4121 369 4161 or.
385 4110 426 4172 11,
440 4109 481 4162 37,
504 4109 542 4173 13,
556 4109 597 4161 lt.
619 4108 658 4170 19,
677 4107 717 4158 65.

1039 4191 1085 4246 rt*
