2990 4886
298 333 339 386 De
357 335 497 388 notionum
515 328 663 400 πολιτικὸς
680 341 708 388 et
726 329 863 404 σοφιστὴς
880 349 932 388 usu
949 333 1094 388 rhetorico.
1212 333 1271 392 153

116 503 189 589 εἰκῇ
205 503 303 582 τάξαι
319 509 433 591 τέχνην
449 499 525 570 otius
546 502 606 588 την
628 503 813 591 πολιτικήν.
844 510 894 590 46,
919 511 937 572 3
962 502 1064 572 ἐκεῖνο
1088 503 1123 569 δὲ
1146 505 1272 587 μᾶλλον

117 606 281 692 ἐμβριθές
303 605 374 672 ἔστι
402 605 576 690 τεκμήριον
604 609 664 672 τοῦ
693 605 737 691 μη
768 604 944 693 holuscula
970 611 1083 694 τέχνην
1107 601 1272 691 εἶναιτὴν

115 705 325 796 σοφιστικην.
373 715 430 794 61,
461 713 498 774 21
534 706 593 794 τὴν
622 711 683 792 μὲν
718 707 915 796 σοφιστικὴν
944 711 1073 794 παρῆκε
1100 705 1272 797 ῥητορικὴν

115 801 232 894 ὥσπερ
255 804 293 876 οὗ
322 813 497 897 λεγομένην
520 813 575 877 καὶ
597 808 680 876 κατὰ
702 809 760 894 τὴν
782 808 894 897 κοινὴν
916 814 971 878 καὶ
993 808 1077 876 κατὰ
1099 809 1159 899 τὴν
1178 803 1271 878 Ἐπι-

113 911 235 997 κοὺροο
259 912 456 998 συνήθειαν,
486 912 589 999 μόνην
612 910 728 1000 δὲτὴν
751 911 926 998 πολιτικὴν
949 912 1192 1001 προσεποιήθη
1214 919 1271 991 (sc.

113 1019 240 1103 τέχνην,
263 1018 310 1083 ita
331 1017 416 1083 enim
433 1017 580 1082 Bromius
596 1016 773 1100 Epicureus
795 1018 940 1100 magistri
962 1018 1121 1084 sententia
1142 1018 1176 1082 iu
1198 1037 1270 1083 oon·

114 1120 248 1186 trariam
271 1125 394 1203 partem
416 1119 579 1185 intellecta
593 1127 731 1202 nugatus
747 1124 817 1197 est).
849 1122 919 1202 120,
946 1123 984 1184 12
998 1116 1036 1184 τὸ
1053 1123 1165 1184 ιοίνον
1180 1112 1271 1202 ὁρισ·

114 1223 223 1305 θῆναι
249 1217 333 1285 κατὰ
362 1217 440 1295 τοὺς
474 1214 598 1303 ἄνδρας
625 1216 684 1307 τὴν
714 1217 913 1306 σοφιστικὴν
942 1218 1119 1308 ῥητορικὴν
1147 1224 1270 1307 τέχνην,

115 1315 154 1388 οὗ
178 1321 334 1407 σύνεργον
350 1326 370 1402 ¹)
398 1324 457 1406 της
483 1319 674 1408 ἕμιτράκτοο
696 1323 752 1388 καὶ
767 1322 950 1409 ,πολιτικῆς
979 1323 1163 1410 ῥητορικῆς,
1209 1325 1271 1391 flio

113 1428 193 1494 lieet
220 1427 336 1493 afferre
366 1428 463 1493 etiam
489 1448 521 1510 p.
539 1430 594 1510 10,
619 1430 648 1492 2.
673 1431 730 1509 41,
754 1430 783 1490 2.
807 1429 864 1509 50,
889 1431 938 1493 33.
963 1430 1020 1510 68,
1043 1431 1094 1492 21.
1119 1430 1195 1511 135,
1219 1431 1269 1492 40.

116 1532 257 1613 130,15,
281 1531 335 1612 qui
358 1530 422 1596 1οοί
444 1530 526 1595 inira
547 1530 655 1613 potius
677 1529 833 1613 laudandi
849 1536 941 1596 eruut
955 1528 999 1614 (p.
1019 1535 1079 1594 154
1095 1532 1164 1612 sq.).
1209 1529 1269 1594 Re·

113 1630 329 1716 prehensioue
342 1632 439 1715 igitur
454 1631 544 1715 digni
559 1631 718 1716 ridentur,
736 1633 790 1715 qui
805 1652 869 1698 nou
881 1632 1067 1717 discerpunt
1077 1631 1270 1698 rhetoricam

113 1736 147 1799 in
172 1733 229 1800 has
252 1741 360 1817 partes
383 1756 413 1819 p.
432 1738 488 1816 53,
513 1737 552 1800 23
577 1725 646 1815 11μο
670 1731 705 1798 δὲ
728 1731 937 1819 μεμφόμενοι
960 1729 1038 1809 τοὶς
1060 1724 1271 1808 ἆδιοιστόλιος

113 1833 288 1915 λαβόντας,
306 1826 399 1899 οὗτοὶ
416 1832 475 1922 τὴν
492 1832 666 1920 ῥητορικὴν
684 1827 721 1898 οὗ
738 1832 971 1900 διεστάλκασιν
982 1839 1017 1920 ²),
1040 1837 1191 1918 quoniam
1208 1836 1269 1904 hae

112 1943 224 2022 partes
257 1958 320 2003 uon
348 1939 453 2004 minus
482 1938 634 2004 differunt
662 1958 759 2021 quam
788 1939 950 2003 maritima
977 1937 1132 2002 animalia
1158 1958 1179 2004 a
1207 1946 1269 2005 ter·

112 2040 270 2106 rostribus
291 2043 335 2123 (p.
351 2043 402 2123 98,
419 2043 471 2117 23)
488 2048 520 2105 et
535 2061 555 2105 a
570 2041 694 2108 musioa
715 2060 767 2107 ars
790 2039 951 2106 scribendi
974 2043 1017 2123 (p.
1036 2042 1084 2122 10,
1103 2042 1164 2118 33).
1209 2041 1270 2108 Ao·

113 2150 225 2208 curate
240 2143 337 2225 igitur
348 2143 557 2209 Philodemus
572 2143 651 2209 dioit
662 2140 720 2225 τὴν
736 2140 909 2229 ῥητοριιιην
924 2143 980 2207 καὶ
995 2138 1055 2226 την
1070 2142 1269 2228 σοφιστικὴν

111 2244 167 2307 καὶ
185 2241 244 2330 την
266 2241 441 2330 πολιτικὴν
464 2249 508 2329 (p.
524 2248 597 2328 215,
614 2248 642 2310 6.
660 2247 731 2326 283,
750 2250 764 2308 1
782 2246 873 2328 sqq).
903 2265 1008 2328 neque
1030 2245 1125 2310 aliter
1146 2265 1178 2329 p.
1195 2249 1269 2329 201,

113 2350 151 2410 21
186 2338 300 2434 ῥήτορι
328 2349 383 2411 καὶ
413 2349 459 2432 τῴ
490 2347 654 2430 ντολιτικηῖ
685 2347 740 2410 καὶ
769 2348 817 2430 τη]
851 2348 997 2432 σοφιστῇ
1030 2347 1129 2422 (idem
1163 2355 1270 2414 exstat

112 2471 145 2534 p.
164 2450 214 2532 28,
232 2454 309 2534 dsq.
333 2453 405 2531 211,
422 2454 473 2515 22.
491 2454 562 2532 213,
580 2453 649 2512 9ω
664 2451 723 2528 15).
768 2449 834 2515 Suo
857 2450 954 2532 igitur
976 2450 1044 2516 iure
1061 2449 1268 2517 Philodemus

112 2553 276 2637 vituperat
298 2553 497 2619 Demetrium
508 2555 532 2630 3)
562 2552 722 2634 quendam
747 2555 822 2630 (uon
845 2553 929 2618 euim
952 2552 1032 2618 dioit
1053 2551 1268 2636 Phalereum)‚

113 2655 169 2739 qui
184 2650 222 2718 τὸ
241 2652 437 2740 σοφιστικὸν
460 2649 549 2730 εἶδος
572 2654 716 2721 eiusdem
740 2655 866 2738 generis
890 2673 961 2721 esse
983 2655 1155 2738 contendit,
1179 2656 1269 2722 euius

113 2762 189 2822 suut
210 2757 336 2839 speeies
358 2758 493 2824 sorensis
517 2762 549 2823 et
571 2755 742 2821 iudicialis.
765 2789 807 2799 —

200 2858 315 2942 Neque
327 2879 404 2925 uero
416 2858 641 2926 Philodemum
657 2858 794 2941 primum
811 2856 895 2923 haue
906 2857 1142 2941 oppositionem
1154 2858 1270 2925 fecisse

113 2959 310 3028 credendum
334 2967 397 3042 ost,
425 2960 482 3027 sed
506 2967 541 3026 ut
562 2962 629 3026 vim
652 2980 710 3028 suo
732 2960 834 3044 ipsius
857 2959 976 3026 iudicio
999 2959 1158 3042 vindicet,
1180 2981 1269 3027 more

204 3168 228 3226 1)
247 3161 307 3216 Hoc
324 3161 501 3230 supplendum
521 3175 619 3216 censeo
637 3177 686 3229 pro
698 3160 740 3228 iis,
759 3175 828 3228 quae
845 3162 941 3214 exarat
956 3158 1039 3214 Sudh.
1058 3151 1110 3230 οὐχ
1124 3153 1164 3226 ὥς
1175 3154 1269 3233 ἔργον,

114 3249 176 3304 eorl.
191 3252 249 3311 tm,
268 3251 300 3302 ao
318 3253 345 3301 et
363 3250 404 3312 34,
424 3251 464 3302 0.

201 3332 228 3402 2)
247 3331 291 3388 Sic
310 3332 481 3387 scribendum
499 3347 549 3400 pro
568 3329 651 3384 Sudh.
671 3323 730 3387 οὐδ’
747 3327 928 3396 ἐστάλκαοιν,
947 3331 1018 3398 quod
1035 3330 1190 3398 postulatur
1208 3345 1268 3385 seu·

112 3422 199 3475 tentia
217 3423 245 3472 et
263 3418 323 3472 coll.
336 3429 362 3486 p.
377 3422 418 3483 50,
431 3420 472 3470 24.
493 3421 534 3481 53,
554 3419 595 3470 tt.
615 3421 656 3479 51,
675 3419 716 3468 33.

201 3509 226 3569 3)
245 3500 395 3556 Demetrias
418 3501 569 3570 complures
595 3505 786 3554 commemorat
810 3499 996 3553 Philodemus:
1023 3515 1050 3567 p.
1069 3503 1133 3563 318,
1160 3504 1188 3552 11
1214 3497 1269 3554 τὸν

114 3586 250 3661 Φαληρέα
269 3582 437 3660 Δημήτριον.
456 3617 489 3626 -
507 3603 534 3656 p.
550 3589 611 3650 198,
631 3590 661 3639 10
685 3580 820 3652 καθάπερ
842 3587 888 3640 καὶ
912 3578 992 3656 παρὰ
1010 3585 1159 3658 Δημητρίῳ
1176 3592 1268 3640 κεῖται

114 3677 180 3747 περὶ
199 3676 259 3729 τῶν
274 3664 454 3740 Ἰσοκράτους
472 3676 560 3736 (nemo
579 3669 625 3738 qui
642 3670 715 3724 hunc
732 3669 820 3724 locum
843 3668 950 3736 legerit,
975 3683 1030 3722 nou
1053 3668 1115 3723 ilico
1141 3683 1267 3737 perscru-
1330 3666 1334 3712 ἴ

113 3767 189 3815 tatus
208 3758 260 3811 erit
277 3757 374 3811 librum
392 3754 639 3828 περ1ἑρμηνείας,
660 3755 687 3808 10
707 3771 760 3824 quo
779 3753 878 3809 similia
895 3757 1004 3808 exstant
1023 3751 1151 3818 [01012
1170 3756 1198 3806 et
1217 3757 1267 3817 15],

114 3845 219 3908 eadem,
239 3857 307 3910 quae
319 3841 493 3895 Philodemus
511 3847 597 3908 notat,
614 3841 718 3895 frustra
730 3839 912 3909 quaesiverim.
931 3868 964 3877 -
982 3854 1009 3907 p.
1025 3842 1083 3904 180,
1095 3843 1127 3891 25
1148 3831 1268 3905 Ἀλεξαν-

114 3923 437 4004 ὁρε)1·ς]Δη-[μήτριος].
458 3956 488 3965 -
509 3943 535 3996 p.
555 3929 647 3991 2121
667 3917 856 3998 Δη[μη’]τ[ριος
876 3920 891 3981 ὁ
912 3929 992 3996 Φιιλη
1022 3924 1031 3992 ΙΙ
1046 3918 1128 3996 pastro]
1151 3921 1183 3980 ἐν
1206 3933 1268 3990 τοῖς

114 4018 180 4088 περὶ
198 4017 248 4084 τῆς
265 4011 417 4086 ῥητορικῆς
435 4012 576 4080 (supplem.
595 4011 740 4077 incertum,
763 4025 825 4064 nam
850 4025 903 4064 nou
923 4010 1016 4064 'miuus
1035 4007 1179 4078 quadraret
1196 4000 1266 4065 Ἀλε-

114 4094 256 4174 ξιο·δρι“ι·ς,
274 4098 400 4166 quonium
418 4096 558 4165 usquead
577 4099 608 4151 33
627 4096 730 4150 litteras
749 4095 863 4151 lineolae
880 4094 1040 4164 procedunt.
