2990 4886
240 303 301 362 148
646 304 759 360 Carolus
776 303 983 360 Brandstaetter

237 473 397 593 δεικνύειν
413 489 484 552 τοῖς
501 471 653 560 λόγοιςς
628 501 673 552 ως
689 475 849 560 τούτηιι
812 501 858 560 τιιι
846 465 1079 562 ἀνθραίπιιιὶι
1070 465 1087 562 ιΣ
1105 489 1175 554 τοῖς
1198 476 1390 563 πράγμασιν

237 570 381 659 ὑπάρχει
403 602 436 642 τι
459 602 585 643 τουτων
608 571 669 642 ὑπ’
697 571 798 644 αὐτου
785 567 1076 702 κατεργασθὲνῆ
1093 571 1138 644 δι
1167 571 1268 644 αὐτοῦ
1291 603 1390 662 πορι-

237 677 322 742 odiu
344 668 364 765 ἢ
388 677 422 744 ἐκ
444 677 563 744 τούτου
587 677 829 762 επισυμβαινυν
851 705 870 766 η
899 677 1005 745 ἕνεκεν
1034 679 1152 746 τούτου
1175 678 1261 764 γινόι
1262 705 1346 746 ιενον
1370 671 1390 768 ἢ

236 771 295 844 οὐκ
324 773 402 844 ἄνευ
431 779 551 846 τούτου
581 780 735 847 έπιτελοέ·
737 807 846 864 μενον.
891 783 964 850 Non
989 782 1142 849 abhorrui
1170 805 1191 848 a
1213 790 1259 849 tot
1281 785 1388 850 verbis

235 881 474 966 describendis;
504 883 584 950 haee
614 887 699 950 enim
726 887 754 951 si
784 893 889 950 tecum
917 885 1118 968 reputaveris
1148 885 1306 968 simulque
1332 885 1388 951 ad-

236 985 424 1067 sumpseris,
457 1005 528 1050 oum
559 1006 642 1069 quae
665 993 793 1053 exstant
817 986 904 1070 apud
927 985 1046 1071 Speng.
1063 987 1078 1050 Ι
1093 1006 1124 1070 p.
1143 989 1213 1068 186,
1229 989 1388 1068 24-188,
1476 1047 1477 1064 ι

239 1089 287 1167 10,
311 1092 378 1150 tum
402 1089 544 1153 maxime
567 1089 718 1172 exempla
739 1090 785 1153 ibi
808 1091 917 1170 allata,
939 1108 1004 1154 non
1026 1087 1091 1152 iam
1114 1086 1287 1172 dubitabis,
1311 1091 1388 1171 quin

235 1183 300 1269 ἐγκ.
323 1195 355 1253 et
379 1198 471 1272 ψεκτ.
496 1183 587 1264 εἶδος
611 1189 685 1256 huic
706 1189 826 1256 rhetori
849 1191 891 1256 sit
912 1209 952 1254 ea
980 1191 1119 1272 specior,
1142 1191 1269 1272 -quain
1295 1184 1389 1256 ‘oivi-
1476 1197 1477 1200 ’

235 1281 332 1356 libus'
365 1292 562 1358 orationibus
592 1298 732 1358 nostram
761 1311 828 1357 rem
850 1310 1043 1374 augeamus,
1073 1293 1263 1358 contrariam
1286 1293 1388 1356 minu·

235 1411 336 1457 amus.
382 1391 476 1470 Quod
504 1395 602 1459 etiam
630 1395 733 1476 magis
763 1393 813 1459 his
835 1392 978 1457 firmatur
1000 1393 1095 1475 locis,
1125 1394 1241 1476 quibus
1268 1393 1387 1460 diserte
1476 1407 1477 1444 ³

235 1493 314 1558 dicit
336 1493 377 1558 de
401 1492 451 1561 bis
473 1495 642 1579 speciebus
665 1497 698 1559 in
721 1496 894 1562 contionali
922 1501 955 1561 et
984 1493 1128 1561 iudiciali
1156 1514 1275 1577 genere
1298 1515 1387 1562 usur·
1476 1529 1477 1570 ι

235 1597 336 1678 patis:
359 1617 390 1678 p.
410 1599 480 1678 189,
497 1599 537 1663 23
560 1609 632 1673 τοῖς
653 1595 714 1678 μὲν
738 1581 795 1661 οὖν
817 1597 1054 1680 κατηγοροῦσιν
1077 1593 1111 1659 ἐκ
1136 1594 1387 1660 τῶντοιούτων
1476 1623 1477 1626 “

235 1690 254 1780 ἡ
279 1689 449 1782 συγγνώμη
473 1702 690 1782 περιαιρετέα
713 1701 783 1778 καὶ,
814 1692 858 1774 ὡς
881 1695 1044 1782 πρότερον
1069 1695 1213 1782 ε’ίρηται,
1244 1695 1300 1762 διὰ
1322 1700 1387 1762 των
1476 1773 1477 1782 ι

235 1789 405 1882 αὐξήσεων
429 1800 564 1864 πολλῶν
588 1799 682 1864 αίτια
704 1803 812 1864 κακιῦν
834 1797 876 1864 τὰ
892 1801 958 1864 τῶν
974 1797 1132 1864 ἐναντίων
1155 1797 1234 1883 ’έργα
1257 1799 1387 1863 δεικτέα

235 1902 285 1978 (cf.
303 1923 333 1985 p.
354 1903 422 1986 186,
444 1908 480 1968 10
497 1906 566 1984 sq.).
589 1923 619 1986 p.
637 1905 744 1984 216,2
771 1899 831 1978 τὰς
860 1907 984 1985 κρίσεις
1013 1904 1151 1984 ψεκτέον
1182 1903 1314 1985 (ingen.
1331 1902 1386 1966 de·
1476 1903 1477 1944 7

234 2003 426 2080 liberaiivc).
448 2026 480 2089 p.
497 2008 569 2085 229,
586 2007 605 2068 9
621 2001 699 2079 τοίς
714 2003 773 2085 μέν
796 2002 858 2087 γὰρ
880 2002 963 2086 μήτε
986 1988 1020 2068 εδ
1043 2001 1125 2088 μήτε
1140 2005 1248 2078 κακαῖς
1265 2001 1385 2066 διακει-
1476 2061 1477 2068 ,

232 2106 350 2185 μένους
381 2102 500 2181 αὖτοὺς
529 2104 589 2187 μὲν
619 2103 790 2186 συντόμως
819 2105 1010 2170 ἐπαινετέον
1039 2105 1095 2169 καὶ
1117 2101 1195 2180 τοίς
1218 2101 1388 2180 ἐναντίους

232 2206 468 2292 κακολογητέον
492 2209 536 2284 (in
558 2208 622 2274 iud.
645 2217 784 2290 genere).
820 2229 851 2291 p.
869 2210 1004 2292 u31,‘28
1027 2205 1088 2283 τὰς
1110 2207 1170 2288 μὲν
1199 2199 1259 2292 ὑφ’
1292 2201 1387 2293 ἡμῶν
1476 2223 1477 2226 ’

233 2311 367 2384 πίστεις
389 2307 564 2394 εἰρημένος
588 2301 753 2394 αιἰξητὲον,
777 2308 837 2386 τὰς
861 2304 958 2373 δ’δπ’
985 2307 1116 2374 ἐκείνων
1131 2306 1316 2391 μελλούσας
1332 2309 1387 2372 λέ·
1476 2383 1477 2390 ι

232 2413 356 2493 γεοθαι
386 2411 579 2493 διασυρτέον
609 2415 664 2478 καὶ
693 2415 927 2478 ταπεινωτέον.
964 2433 996 2495 p.
1013 2415 1085 2493 224,
1114 2416 1150 2476 12
1182 2412 1233 2474 δεῖ
1263 2409 1299 2476 δὲ
1330 2414 1386 2476 καὶ
1476 2419 1477 2422 ’

230 2507 273 2574 τὰ
296 2511 356 2593 μέν
380 2515 504 2577 σαυτοῦ
528 2511 648 2593 αὔξειν,
671 2513 713 2578 τὰ
737 2512 773 2578 δὲ
795 2505 989 2578 τούναντίου
1007 2515 1196 2591 ταπεινοῦν,
1221 2514 1386 2577 ποιοῦντα
1476 2515 1477 2554 ³

232 2607 278 2687 ὡς
294 2609 327 2677 έν
342 2616 390 2697 rigi
405 2619 640 2701 προτρεπτικηῖ
657 2615 796 2704 εἴρηται.
825 2637 856 2699 p.
874 2619 945 2696 222,
966 2619 1003 2680 16
1022 2615 1072 2678 δεῖ
1095 2613 1131 2678 δὲ
1153 2611 1195 2677 τὰ
1217 2615 1278 2696 μὲν
1302 2611 1386 2679 ἑκεί-

232 2739 298 2777 ιων
320 2713 420 2798 μικρὰ
444 2729 565 2794 ποιεῖν,
589 2715 630 2781 τὰ
654 2717 690 2782 δὲ
714 2720 836 2782 σαυτοῦ
859 2711 979 2794 αὔξειν,
1004 2711 1049 2792 ὠς
1072 2711 1106 2780 έν
1128 2728 1203 2791 ταῖς
1226 2709 1386 2802 αδξήσεσι
1476 2711 1477 2734 ³

232 2815 451 2902 προακηκοας.

318 2921 450 2987 Constat
465 2922 561 3003 igitur
577 2923 610 2984 in
625 2927 748 3004 septem
764 2922 828 2987 illis
852 2921 1020 3004 speciebus
1044 2914 1132 2995 εἶδος
1156 2917 1217 3003 ἕγκ.
1235 2926 1267 2986 et
1290 2929 1385 3001 ψεκτ.
1476 2989 1477 3010 ι

231 3041 294 3087 non
317 3023 410 3086 aliter
431 3028 527 3104 atque
551 3029 657 3088 cetera
680 3020 750 3108 εἴδη
774 3030 945 3106 propterea
967 3023 1217 3103 commemorari,
1241 3021 1328 3104 qnod
1353 3023 1385 3085 in

231 3122 466 3189 contionalibus
490 3130 522 3188 et
544 3124 747 3190 iudicialibus
770 3125 966 3190 orationibus
987 3123 1167 3190 necessario
1182 3121 1385 3204 adhibentur,

230 3225 393 3306 nunquia
416 3223 477 3290 hae
501 3225 584 3290 duae
606 3227 730 3309 species
754 3227 844 3308 ipsae
867 3246 967 3308 genus
990 3227 1168 3291 orationum
1191 3224 1340 3290 efficiant.

316 3327 384 3390 Iam
407 3346 483 3392 vero
506 3333 668 3393 auctorem
693 3327 785 3393 huius
808 3329 885 3393 artis
914 3328 1025 3410 fugere
1054 3348 1118 3394 non
1146 3327 1250 3410 potuit
1278 3345 1385 3408 neque

231 3429 312 3510 fugit
336 3427 415 3494 haec
438 3429 501 3494 duo
525 3426 596 3513 εἴδη
620 3431 716 3495 etiam
741 3431 810 3496 sola
833 3439 978 3496 constare
1008 3438 1041 3496 et
1069 3449 1127 3513 per
1150 3447 1184 3494 se
1207 3435 1290 3494 totas
1314 3449 1384 3494 ora·

231 3531 334 3596 tiones
357 3550 452 3612 posse
483 3529 626 3605 efficere3
656 3533 742 3614 quod
771 3531 890 3597 diserte
920 3531 1086 3597 confitetur
1108 3552 1138 3614 p.
1162 3535 1228 3612 191,
1245 3532 1285 3592 29
1310 3527 1384 3593 δεί-

229 3655 326 3715 τερον
349 3629 384 3696 δὲ
409 3628 469 3706 τὰς
492 3623 646 3718 αὐξήσεις
667 3633 722 3696 καὶ
752 3630 974 3707 ταπεινώσας
999 3637 1181 3718 χρησίμοις
1204 3624 1384 3715 ἀναγκαῖον

230 3728 318 3798 εἶναι
333 3729 427 3818 παρὰ
443 3730 484 3796 τὰ
501 3731 606 3798 λοιπὰ
618 3731 739 3811 πάντα,
763 3731 911 3814 μάλιστα
934 3726 1080 3798 δἀδταῖν
1104 3731 1138 3798 ἕν
1160 3736 1208 3818 τιιῦ
1231 3732 1381 3819 ἐγκωμίῳ

230 3837 285 3901 καὶ
308 3847 379 3911 τοῖς
402 3833 524 3918 ψόγοις
548 3834 583 3900 οἱ
604 3834 746 3922 χρήσεις.

316 3940 365 4005 De
396 3938 446 4006 his
473 3939 711 4005 laudationibus
744 3945 776 4004 et
809 3939 1114 4022 vituperationibus,
1150 3958 1232 4022 quae
1259 3959 1317 4022 per
1347 3961 1382 4006 se

231 4047 386 4124 constant,
409 4048 519 4108 auctor
541 4042 618 4108 artis
641 4042 769 4106 omnino
792 4060 855 4106 non
879 4041 1018 4107 debebat
1034 4041 1151 4123 dicere,
1175 4042 1203 4106 si
1218 4041 1314 4108 modo
1329 4063 1383 4109 ao·
