3004 4886
282 320 323 374 Do
341 321 480 376 notionum
498 317 646 388 πολιτικὸς
664 329 691 376 et
709 320 847 394 σοφιστὴς
864 340 916 378 usu
934 325 1078 381 rhetorico.
1198 328 1258 384 215

95 492 273 574 demum,
296 493 487 578 locupletem
509 501 634 574 testem,
656 515 753 578 quem
775 502 881 562 aetate
897 497 1080 564 inferiorem
1103 519 1166 581 quo
1189 501 1259 566 iure

95 595 294 660 sententiam
317 596 418 678 ipsius
442 596 573 681 Epicuri
596 597 688 663 nobis
717 603 959 680 repraesentare
982 606 1145 685 putemus,
1175 603 1259 667 infra

96 696 285 762 docendum
300 697 370 762 erit.
407 697 517 764 Pauca
531 699 616 764 enim
633 699 699 782 illa,
722 719 805 781 quae
820 706 948 782 praeter
965 699 1057 766 huius
1073 703 1199 785 copiam
1216 724 1258 768 ex

95 799 235 882 Epicuri
250 799 332 865 libro
347 799 425 878 περὶ
443 797 616 886 ῥητορικῆς
630 801 767 867 frustula
782 801 852 866 sive
868 804 1186 870 commemorationes
1202 825 1256 870 ex·

93 906 186 965 stant
198 901 288 983 apud
304 901 551 968 Ammianum
567 903 681 970 Marc.
698 903 795 968 XXX
811 907 840 986 4,
854 907 872 968 3
888 903 955 980 (Ua.
971 904 1063 987 Epic.
1079 905 1171 988 frgm.
1190 906 1258 984 51²³,

94 1001 407 1079 Quintilianum
423 1005 507 1080 (inst.
523 1005 556 1069 Il
575 1009 622 1088 17,
641 1007 701 1087 15),
718 1005 981 1072 Plutarchum
998 1006 1084 1082 (adv.
1098 1007 1200 1074 Colat.
1218 1010 1257 1072 33

92 1125 129 1188 p.
151 1107 233 1168 1127
246 1106 293 1188 Α;
316 1105 371 1172 Us.
388 1107 478 1188 Epio.
494 1126 525 1189 p.
545 1109 627 1188 199),
650 1105 731 1172 nihil
753 1107 968 1190 suppeditant.
1008 1111 1056 1174 Ac
1071 1128 1112 1174 ne
1128 1129 1169 1174 ex
1184 1111 1257 1176 reli·

95 1207 173 1288 quis
197 1207 329 1290 quidem
352 1208 581 1291 Epicureorum
607 1209 760 1275 librorum
783 1209 970 1292 fragmentis
992 1211 1034 1276 ab
1057 1211 1201 1278 Usenero
1225 1213 1257 1276 in

94 1310 184 1374 libro
202 1310 442 1391 elegantissimo
458 1313 619 1393 congestis
634 1311 810 1394 quidquam
827 1311 868 1376 de
883 1319 992 1378 nostra
1003 1331 1037 1377 re
1049 1312 1256 1379 addiscimus.

187 1410 458 1478 Proficiscendum
480 1422 528 1479 est
544 1414 576 1478 in
593 1413 653 1480 hac
668 1413 902 1497 disceptatione
923 1414 965 1480 ab
981 1415 1031 1498 iis,
1055 1434 1138 1498 quae
1161 1435 1258 1499 supra

95 1513 143 1578 de
165 1512 327 1580 rhetorica
341 1515 382 1580 ab
399 1516 537 1598 Epicuro
560 1518 593 1580 in
615 1511 837 1600 πολιτικὴν
861 1522 893 1580 et
915 1511 1169 1601 σοφιστικὴν
1192 1516 1256 1582 dis·

96 1616 222 1682 tributa
242 1620 286 1699 (p.
305 1620 484 1695 152-154)
507 1618 714 1700 exposuimus
737 1617 871 1684 hicnon
893 1617 1088 1700 repetendis.
1130 1618 1257 1685 ibidem

95 1720 143 1800 (p.
163 1723 225 1782 154
237 1717 299 1801 sq.)
323 1719 401 1802 quid
416 1739 481 1785 vox
501 1715 674 1794 πολιτικὸς
695 1719 858 1786 hortorum
881 1718 1085 1802 philosophis
1108 1721 1256 1804 valuerit,

96 1821 351 1886 enucleavimus.
390 1819 475 1898 Quid
491 1822 532 1886 sit
548 1818 721 1907 σοφιστής,
745 1821 823 1903 quid
846 1816 1054 1906 σοφιστικός,
1078 1822 1257 1886 accuratius

94 1921 159 1988 nos
188 1921 461 1989 demonstraturos
491 1942 561 1989 esse
589 1923 810 2006 promisimus,
841 1923 892 1988 cui
920 1923 1077 2004 promisso
1106 1922 1153 1988 ita
1174 1941 1257 1988 nuuc

95 2027 164 2090 iam
189 2025 353 2106 stabimus,
376 2033 522 2107 utquam
545 2031 652 2108 potest
673 2024 742 2090 fieri
759 2025 948 2090 brevissime
971 2043 1192 2108 quaecumque
1216 2044 1257 2090 ex

95 2127 332 2210 Epicureorum
354 2127 500 2193 doctrina
528 2127 705 2210 sophistam
729 2127 817 2192 velut
847 2125 988 2192 efficiunt
1012 2125 1202 2207 colligamus
1226 2133 1258 2191 et

97 2229 253 2296 distincta
268 2249 493 2314 proponamus.
532 2229 622 2296 Haec
637 2231 723 2296 enim
739 2230 767 2294 si
782 2229 879 2312 paulo
899 2228 1059 2310 copiosius
1074 2232 1255 2308 tractamus,

96 2352 165 2397 non
194 2333 292 2398 timeo
315 2353 355 2398 ne
385 2334 487 2397 fructu
511 2351 692 2416 careamus,
723 2331 872 2413 quoniam
897 2330 947 2396 his
973 2331 1068 2396 rebus
1090 2349 1154 2394 non
1176 2329 1257 2394 nihil

96 2455 206 2501 novae
228 2436 309 2500 lucis
331 2436 463 2500 allatum
487 2441 536 2500 est
550 2435 570 2512 ¹)
599 2433 773 2500 Sudhausii
801 2433 998 2499 voluminum
1025 2430 1255 2498 rhetoricorum

98 2557 141 2602 ex
157 2537 343 2602 Philodami
366 2536 544 2602 hereditate
564 2536 742 2602 miserrimo
765 2535 860 2601 simul
876 2541 908 2600 et
922 2553 1077 2617 prospero
1093 2553 1170 2600 casu
1191 2553 1255 2600 ser·

97 2646 248 2705 vatorum
271 2639 422 2722 editione,
446 2639 498 2704 oui
513 2659 611 2721 supra
625 2637 768 2704 debitam
790 2637 920 2702 laudam
942 2637 1119 2702 tribuimus.
1160 2636 1256 2700 Prae·

98 2749 191 2808 terea
213 2742 290 2824 quia
304 2761 368 2808 non
382 2742 479 2806 facile
495 2759 688 2822 quemquam
706 2740 807 2806 semel
823 2739 973 2820 perlectis
996 2737 1183 2820 fragmentis
1206 2757 1255 2802 so-

96 2844 279 2928 phistarum
306 2850 451 2908 naturam
480 2844 566 2908 clare
595 2848 794 2925 perspectam
825 2840 1008 2906 habiturum
1037 2858 1109 2904 esse
1132 2840 1255 2922 opinor,
1357 2903 1363 2914 ,

97 2949 155 3012 vel
178 2966 217 3012 eo
241 2965 461 3027 commoveor,
490 2953 525 3010 ur
546 2963 766 3027 quaecumque
790 2943 831 3009 de
853 2943 893 3008 iis
915 2963 936 3008 a
958 2940 1150 3006 Philodamo
1172 2943 1256 3008 acci·

97 3053 216 3134 pimus,
240 3049 353 3114 sedulo
376 3067 549 3129 congerere
571 3066 677 3112 coner.

187 3150 361 3236 Sophistae
393 3152 505 3233 igitur,
540 3151 645 3233 qualis
675 3149 804 3233 quidem
834 3171 855 3215 a
883 3147 1073 3214 Philodamo
1103 3146 1256 3214 describi-

98 3262 167 3336 tur,
199 3254 321 3336 duplex
343 3255 410 3319 fere
434 3261 483 3319 est
511 3254 691 3334 negotium:
726 3273 768 3318 ex
790 3253 892 3317 altera
914 3252 1000 3316 enim
1023 3255 1114 3333 parte
1136 3269 1254 3334 prce·

99 3404 174 3473 quod
185 3403 254 3457 idem
268 3405 308 3456 vir
320 3403 416 3457 doctus
432 3402 497 3456 ibid.
510 3417 539 3469 p.
553 3405 602 3454 912
621 3399 723 3454 firmari
735 3401 806 3454 hanc
818 3401 979 3454 seutentiam
997 3402 1077 3466 putat
1091 3397 1153 3452 loco
1165 3399 1255 3453 Philo·

98 3488 181 3542 strati
193 3494 226 3551 (r.
241 3489 318 3556 soph.
332 3488 346 3540 Ι
358 3491 392 3553 l),
411 3487 474 3540 mihi
487 3503 541 3540 non
554 3487 697 3554 probatum
715 3485 753 3538 ibi
765 3485 835 3538 enim
847 3484 931 3538 multo
944 3483 998 3536 alia
1010 3482 1116 3536 ratione
1128 3497 1161 3536 ac
1174 3498 1256 3538 sensu

99 3573 255 3628 Carneades
274 3567 413 3643 σοφιστὴς
428 3572 513 3635 audit,
531 3587 556 3625 r.
569 3571 640 3624 intra
652 3587 679 3638 p.
694 3574 739 3640 241
753 3584 793 3636 sq.
811 3568 923 3623 Praeter
936 3567 1085 3622 Usenerum
1103 3583 1127 3620 v.
1141 3566 1255 3620 Alfre·

99 3658 176 3712 dum
194 3658 320 3712 Koerte
338 3658 356 3712 l.
375 3658 392 3712 l.
410 3673 438 3725 p.
452 3660 501 3709 552
512 3671 586 3724 sqq,
609 3653 778 3724 quiquidem
796 3653 974 3708 antecedente
991 3651 1113 3706 Usenero
1130 3650 1189 3706 iure
1205 3652 1255 3706 im-

99 3749 204 3811 pugnat
222 3741 410 3796 Hirzelium
428 3741 455 3806 (l.
468 3741 487 3794 l.
500 3740 513 3792 I
524 3756 550 3807 p.
565 3745 597 3794 99
614 3746 641 3793 et
653 3757 679 3808 p.
697 3741 847 3804 rur-185).
877 3738 928 3791 Vel
945 3736 989 3791 hic
1007 3751 1099 3792 vocem
1117 3733 1256 3808 σοφιστὴς

100 3843 162 3880 cum
181 3832 337 3895 contemptu
355 3825 509 3894 oppositam
526 3840 586 3879 esse
609 3823 710 3879 nomini
733 3823 805 3878 veri
829 3822 982 3890 philosophi
1006 3821 1111 3890 opinari
1128 3822 1192 3878 licet
1208 3822 1254 3887 (cf.

100 3911 175 3966 Eira.
193 3913 211 3966 l.
229 3912 247 3966 l.
266 3911 278 3963 l
297 3927 323 3979 p.
340 3913 387 3964 180
398 3914 457 3978 sq).

188 3999 212 4063 1)
229 3997 396 4064 Quamquam
409 3994 542 4049 Christius
560 3993 732 4062 (Littgesch.²
748 4009 774 4062 p.
788 3996 857 4054 bill:
879 3992 930 4048 Dic
941 3991 1105 4063 disparente
1122 3991 1172 4047 der
1184 3990 1255 4048 Rbe-

102 4080 176 4136 torr'lc
192 4081 241 4136 des
258 4079 428 4151 Eptlcureers
445 4077 588 4133 Philoclem
606 4078 669 4133 sind
687 4076 758 4134 ohne
776 4077 949 4148 Bedeutunp.
