3004 4886
292 339 334 393 De
351 338 490 394 notionum
508 335 656 404 πολιτικὸς
672 342 701 392 et
718 333 856 410 σοφιστὴς
873 355 924 394 usu
941 339 1086 394 rhetorico.
1202 341 1263 398 217

102 512 208 594 locis,
231 512 347 594 quibus
370 511 579 579 Philodemus
607 513 727 595 apertis
755 512 863 579 verbis
886 511 965 578 dicit
992 511 1154 595 sophistas
1177 533 1264 580 men·

102 614 172 695 tiri,
198 615 226 680 si
248 619 350 680 artem
366 615 510 680 civilium
525 615 764 681 contentionum
780 613 998 698 profiteantur,
1022 614 1111 680 velut
1125 635 1156 698 p.
1174 619 1226 697 41,
1244 619 1263 678 2

104 713 138 778 εἰ
156 713 267 780 δὲκαὶ
290 717 368 797 περὶ
390 713 468 792 τοὺς
492 707 675 802 ἀληθινοὺς
698 708 827 799 ἀγῶνας
848 718 962 801 τέχνην
983 712 1043 801 τὴν
1066 714 1264 802 σοφιστικὴν

102 811 327 901 ὑπάρχουσαν
356 814 374 882 ὁ
405 815 502 902 λόγος
531 817 626 882 θέλει
654 815 909 902 προσβιβάζειν,
938 819 994 883 καὶ
1023 820 1101 902 περὶ
1130 817 1264 902 ceucris

101 920 246 995 τελείως
279 912 489 1004 ἀγωνίζεται,
523 917 706 1002 μεθοδικόν
739 943 776 984 τε
808 917 871 1004 γὰρ
905 912 1000 985 odiis
1035 919 1067 984 οἱ
1101 922 1262 1007 σοφισταὶ

103 1019 362 1106 παραδιδόασιν
391 1020 425 1086 έν
455 1035 530 1099 ταῖς
560 1023 714 1104 μελέταις
742 1019 830 1107 πρὸς
857 1020 1011 1108 μάθησιν
1039 1024 1096 1105 τῆς
1126 1020 1160 1087 έν
1192 1035 1265 1099 τοῖς

103 1117 338 1211 ἀληθινοῖς
367 1116 492 1209 ἄγωσιν
521 1123 706 1206 δυνάμεως,
735 1147 766 1209 p.
786 1130 835 1203 10,
858 1127 950 1189 2καὶ
979 1126 1059 1208 περὶ
1089 1126 1265 1209 πολιτικῆς

102 1227 143 1292 δὲ
168 1225 379 1311 ἐρωτώμενοι
406 1227 529 1293 πολλοὶ
551 1224 589 1293 τό
615 1224 672 1292 διὰ
694 1230 753 1314 τῆς
782 1229 979 1314 σοφιστικῆς
1009 1219 1111 1311 αὐτὴν
1133 1233 1265 1313 περιγί-

103 1333 235 1394 νεσθαι
257 1327 496 1413 προσάγουσιν,
520 1319 561 1394 όν
576 1313 611 1394 εό
634 1327 792 1412 βάλωσιν,
815 1353 846 1415 p.
866 1334 936 1413 135,
952 1335 992 1394 40
1009 1328 1097 1394 διότι
1112 1332 1191 1412 περὶ
1205 1327 1265 1417 τὴν

103 1428 289 1514 πολιτικὴν
305 1429 480 1518 ῥητορικῆν
497 1424 554 1496 οόκ
576 1431 667 1498 έστιν
688 1426 904 1519 ῆσοφιστικῆ
930 1430 1068 1516 ε’ίδησις,
1090 1454 1122 1518 p.
1141 1435 1264 1515 136,15

106 1527 223 1598 οὐκέτι
246 1526 278 1597 δ’
304 1529 399 1616 οἶμαι
427 1531 547 1598 τούτου
576 1537 812 1618 παραχθέντας
841 1526 1138 1620 ἀπολειφθήσεται
1167 1531 1266 1619 λόγος

102 1650 181 1712 τοῖς
215 1633 414 1722 δημιουργόν
446 1644 514 1701 των
548 1636 730 1701 πολιτικῶν
761 1632 1024 1717 ὑποτιθεμένοις
1056 1639 1171 1722 τέχνην
1204 1635 1265 1723 τῆν

105 1737 326 1826 σοφιστικήν,
356 1761 387 1824 p.
411 1744 523 1823 210,9
553 1736 615 1823 ἐγώ
640 1731 672 1802 δ’
706 1736 849 1814 ἐκείνους
877 1735 956 1814 τούς
984 1736 1152 1824 σοφιστὰς
1180 1738 1263 1825 μηδὲ

103 1839 300 1906 πολλοστὸν
341 1836 507 1925 εὑρίσκειν
545 1843 612 1904 των
646 1837 865 1922 ἐνδεχομένων
902 1839 935 1904 έν
969 1853 1040 1915 τοῖς
1076 1841 1264 1917 ττσλιτικοῖς

104 1944 284 2022 (λέγεσθαι
313 1937 436 2020 οἶμαι),
470 1939 549 2006 ὅσον
579 1938 637 2004 ἐπὶ
663 1953 739 2015 ταῖς
772 1939 1005 2022 τεχνολογίαις.
1057 1937 1143 2016 Quin
1177 1942 1266 2006 velut

103 2046 235 2111 musica
266 2065 330 2110 non
353 2044 451 2109 tradit
480 2043 641 2110 scribendi
671 2063 727 2108 seu
750 2042 879 2126 legendi
902 2043 1097 2124 facultatem,
1121 2043 1168 2108 ita
1190 2042 1264 2107 Phi·

103 2149 240 2213 lodemo
273 2146 381 2212 iudice
419 2145 596 2229 sophistica
632 2147 787 2212 institutio
820 2165 884 2210 non
917 2145 1015 2210 tradit
1051 2151 1152 2210 artem
1187 2146 1264 2211 civi-

103 2252 156 2316 les
187 2248 330 2314 habendi
359 2249 520 2314 orationes
543 2251 586 2332 (p.
603 2251 633 2329 9,
652 2249 801 2329 apsqu).
845 2248 895 2312 Ac
922 2266 963 2311 ne
991 2247 1024 2310 in
1053 2245 1104 2312 his
1133 2246 1264 2329 quidem

105 2373 196 2418 nova
218 2351 341 2435 profert
363 2349 582 2416 Philodemus.
622 2351 794 2434 Epicurum
819 2351 903 2415 enim
925 2351 1030 2433 ipsum
1054 2349 1185 2415 easdem
1213 2368 1264 2415 res

105 2455 226 2521 eadem
257 2455 381 2520 ratione
412 2455 444 2518 in
468 2454 559 2520 libris
583 2453 661 2534 περὶ
684 2452 857 2538 ῥητορικῆς
886 2452 1086 2537 disceptasse
1116 2449 1264 2517 videmus

105 2580 138 2642 p.
158 2561 285 2639 3216:
313 2549 361 2620 Οό
385 2552 451 2640 μῆν
475 2547 544 2618 ἀλλ’
572 2551 688 2638 ἐπειδὴ
707 2552 864 2638 ἐμφαίνει
880 2552 936 2618 διὰ
959 2556 1018 2639 τῆς
1033 2547 1264 2637 ὑπομνήσεως,

105 2656 155 2736 ὡς
178 2653 245 2742 όῖροι
267 2660 326 2722 τοῦ
349 2659 526 2722 πολιτικοῦ
548 2659 661 2740 γένους
685 2654 774 2719 ἐστίν
789 2650 808 2742 ῆ
826 2653 1005 2743 σοφιστικῆ
1029 2653 1183 2742 ῥητορικὴ
1207 2657 1264 2719 καὶ

104 2768 203 2847 τέχνη
234 2762 291 2825 καὶ
319 2759 535 2838 κατᾳξισῦται
564 2756 608 2843 μῆ
639 2752 679 2822 όν
706 2781 791 2822 ποτε
820 2761 998 2841 προσιέναι
1020 2755 1129 2836 τινάς,
1160 2756 1190 2822 εί
1217 2755 1263 2843 μῆ

104 2888 197 2941 τινες
219 2861 347 2927 τούτων
374 2860 520 2944 ,ιιέθσδοι
542 2845 627 2945 ῆσαν
649 2849 670 2944 ῆ
692 2863 819 2941 τέχναι,
850 2861 952 2945 φησὶν
975 2857 1009 2923 έν
1031 2861 1080 2942 cpi
1103 2861 1183 2944 περὶ
1205 2861 1265 2945 τῆς

106 2968 286 3053 ῥητορικῆς
316 2958 523 3047 Ἐπίκουρος,
557 2955 612 3028 ότι
643 2975 715 3039 τοῖς
745 2963 964 3046 διατριβικοῑς
998 2961 1030 3026 αἱ
1065 2959 1264 3043 προσιόντες
1342 3015 1348 3027 .

107 3065 311 3134 ἀπατῶνται
339 3068 394 3131 καὶ
423 3059 481 3129 οὐκ
509 3058 700 3141 όιπεικότως
733 3062 789 3130 διὰ
827 3063 985 3150 τοιαύτην
1017 3061 1146 3128 αἰτίαν·
1181 3054 1263 3128 όταν

106 3169 173 3256 γὰρ
198 3164 364 3234 ἆκοόωσιν
380 3167 413 3232 έν
428 3180 502 3243 ταῖς
522 3166 665 3244 δείξεσιν
686 3169 741 3232 καί
765 3165 997 3252 πανηγύρεσιν,
1020 3168 1068 3250 cpi
1082 3163 1166 3248 μῆτε
1184 3167 1263 3248 περὶ

106 3273 297 3358 συμβουλῆς
319 3268 401 3355 μήτε
424 3275 504 3353 περί
525 3294 616 3346 τινος
641 3272 707 3334 τῶν
729 3272 770 3355 τῇ
794 3268 893 3333 πόλει
917 3268 1154 3352 συμφερόντων
1177 3263 1265 3332 εἶναι

106 3374 168 3440 τὸν
196 3373 295 3459 λόγον
320 3424 327 3438 .
351 3423 358 3437 .
382 3423 390 3436 .
414 3379 509 3456 (quae
538 3380 729 3456 sequuntur,
760 3373 855 3437 nimis
884 3373 1020 3452 incerta,
1050 3371 1108 3437 sed
1138 3371 1177 3437 cf.
1207 3371 1262 3438 Us.

107 3481 169 3562 Ep.
191 3499 224 3562 p.
245 3479 315 3559 112,
332 3480 372 3540 25
388 3479 488 3559 sqq.),
512 3496 576 3558 qua
604 3475 644 3540 de
671 3495 706 3540 re
729 3475 826 3539 etiam
848 3475 880 3536 in
903 3474 1066 3557 symposio
1090 3473 1262 3555 Epicurum

108 3583 295 3666 disputasse
317 3598 358 3643 ex
380 3580 534 3650 lacunosa
555 3577 612 3642 illa
633 3583 724 3659 parte
747 3575 823 3639 inde
844 3596 864 3638 a
886 3577 1083 3657 p.102‚22‚
1107 3576 1263 3658 imprimis

109 3682 260 3750 adhibito
282 3682 353 3763 ipso
376 3679 541 3763 sophistae
562 3679 691 3744 nomine
714 3700 744 3761 p.
764 3681 869 3759 105,5
892 3682 1037 3759 apparet.

198 3785 247 3848 Ac
269 3802 309 3848 ne
326 3783 463 3865 ignores,
488 3801 583 3863 quum
598 3783 662 3846 late
679 3781 817 3866 patuerit
833 3778 914 3844 haec
929 3777 1101 3862 disciplina
1120 3779 1262 3863 quidque

109 3907 174 3954 non
198 3886 303 3950 minus
326 3884 416 3949 civili
439 3902 534 3966 quam
558 3883 829 3948 demonstrativae
852 3882 914 3946 arti
935 3880 1142 3962 providentes
1165 3883 1262 3948 tradi·

110 3992 233 4072 derint,
272 3989 399 4070 singula
427 3988 539 4071 paucis
568 3993 732 4068 notemus,
767 4004 961 4067 quamquam
991 3983 1113 4050 lubrica
1147 3984 1180 4049 in
1213 3984 1263 4052 his

111 4091 286 4159 rebus'via
307 4109 371 4202 non
394 4109 555 4172 nunquam
578 4089 765 4155 incedimus.
801 4086 882 4152 Sunt
903 4086 1010 4168 igitur,
1034 4085 1147 4168 quide
1170 4107 1261 4171 prc-
