2990 4886
259 319 319 377 178
455 279 459 286 Ι
679 321 795 376 Carolus
812 320 1020 377 Brandstaettcr

259 491 374 576 λιτικῴ
403 491 500 578 λόγῳ.
528 515 560 579 p.
584 497 725 578 514,12
755 493 816 571 (W.
843 497 918 570 412)
947 491 1096 559 ἐνταῦθα
1126 485 1348 579 ἀγωνιστικὸν
1385 493 1425 560 τὸ

259 594 366 679 σχῆμα
378 596 433 660 κα)
448 593 544 679 λόγος
555 589 616 682 ἤδη
629 597 677 680 τῷ
692 595 814 681 ῥυθμῷ
830 593 1091 681 πολιτικώτερος
1105 601 1245 681 γέγονεν.
1262 620 1293 685 p.
1308 601 1390 677 524,
1407 601 1425 664 8

255 696 317 771 (W.
335 699 408 773 426)
432 694 514 762 εἰδὲ
537 689 762 781 ἀγωνιστικῶς
784 699 929 786 προῆγες
952 690 1032 764 αότό
1057 695 1106 776 (τὸ
1130 685 1239 784 ἦθος),
1263 703 1315 767 cui
1339 721 1423 785 opp.

256 819 287 882 p.
305 801 376 881 523,
400 801 440 864 28
463 801 522 864 τοῦ
546 791 691 885 ἀφελοῦς
721 797 828 883 λόγου.
862 821 893 885 p.
912 805 990 884 536,
1014 805 1034 865 2
1057 802 1119 880 (W.
1143 807 1217 879 441)
1247 800 1327 883 ταχὺ
1355 800 1423 887 γὰρ

257 893 474 984 ἀγωνιστικὸν
503 889 556 981 (ἀν
578 904 726 987 suppleo)
749 899 860 967 ἐποίει
882 899 941 967 τὸν
964 901 1077 988 λόγον,
1107 905 1193 988 qued
1216 907 1353 990 respicit
1377 906 1423 972 ad

256 1024 287 1087 p.
305 1007 377 1087 535,
393 1007 433 1069 30
456 1005 516 1081 (W.
534 1009 608 1083 440)
624 1001 717 1088 παρὰ
733 1017 805 1081 τοῖς
822 1002 991 1090 ἀφελέσιν.
1015 1027 1046 1090 p.
1063 1010 1135 1085 530,
1154 1010 1235 1071 3-6
1259 1008 1322 1085 (W.
1341 1013 1421 1086 445)

258 1108 431 1190 opponitur
460 1104 517 1172 διὰ
545 1104 583 1172 τὸ
614 1099 831 1191 ἀγωνιστικὸν
856 1105 915 1172 τόν
944 1105 1042 1193 λόγον
1071 1101 1180 1174 αὐτῶν
1207 1104 1294 1174 εἶναι
1323 1119 1359 1177 et
1382 1103 1422 1175 οῦ

256 1206 322 1294 μὴν
346 1205 379 1273 ἓν
401 1231 437 1292 γε
459 1211 507 1294 τῴ
530 1204 649 1295 ἀφελεῖ
671 1203 767 1294 λόγῳ.
802 1231 833 1296 p.
851 1214 923 1294 548,
947 1216 966 1274 4
989 1211 1050 1290 (W.
1067 1215 1141 1289 457)
1165 1210 1200 1276 αἱ
1224 1212 1423 1294 συμπλοκαλ

258 1309 324 1376 εἰσι
338 1310 399 1390 μὲν
413 1311 541 1392 μᾶλλον
556 1313 623 1374 τιῦν
646 1304 880 1395 ἀγωνιστικῶν,
904 1315 1052 1396 γένοιντο
1076 1305 1108 1376 δ’
1134 1307 1175 1378 ἀν
1191 1337 1277 1378 ποτε
1300 1317 1362 1380 καὶ
1386 1313 1420 1380 ἒν

257 1407 378 1499 ἀφελεῖ
399 1411 496 1497 λόγῳ.
523 1434 554 1498 p.
572 1417 643 1492 512,
670 1418 708 1478 12
725 1415 786 1491 (W.
811 1417 885 1492 410)
900 1411 961 1490 τὰς
977 1413 1163 1501 ποιότητας
1185 1418 1244 1481 τοῦ
1267 1409 1419 1503 ἀφελοῦς

257 1517 313 1580 καὶ
341 1517 401 1579 τοῦ
431 1509 541 1579 ἁπλοῦ
563 1516 616 1580 καὶ
640 1514 700 1592 τὰς
730 1512 898 1602 διαφορὰς
921 1513 1008 1598 πρὸς
1030 1514 1088 1582 τόν
1111 1515 1287 1584 πολιτικόν
1319 1513 1418 1604 λόγον

257 1619 312 1681 καὶ
342 1610 568 1700 ἀγωνιστικόν.
620 1619 705 1686 Satis
734 1625 811 1703 puto
840 1621 967 1686 elucere
995 1619 1045 1703 id,
1079 1621 1164 1704 quod
1195 1613 1417 1705 ἀγωνιστικόν

258 1727 400 1804 vocatur,
420 1726 565 1787 naturam
583 1720 710 1788 efficere
725 1721 900 1785 πολιτικοῦ
917 1718 1024 1804 λόγου,
1048 1721 1129 1788 nihil
1145 1723 1244 1790 alind.
1290 1725 1416 1791 Eadem

258 1823 381 1888 ratione
403 1842 462 1906 pro
485 1842 566 1890 voce
590 1813 717 1909 ἀφελὴς
739 1829 845 1890 exstat
873 1843 939 1889 vox
968 1816 1129 1900 ἁπλοῦς
1157 1847 1189 1909 p.
1207 1829 1288 1910 512,
1315 1831 1350 1890 11
1387 1834 1417 1892 et

257 1927 330 2003 sae,
348 1926 367 1988 ε
390 1925 452 2003 (11.
468 1945 500 2008 p.
517 1930 579 1990 410
596 1933 628 1992 et
643 1929 718 2002 145)
731 1929 761 2004 ¹),
785 1921 935 1999 λεπτος
957 1946 989 2009 p.
1003 1929 1075 2004 549,
1092 1929 1133 1990 νυ
1149 1926 1211 2004 (w.
1229 1929 1321 2010 159)
1345 1949 1416 1995 sae-

259 2028 330 2110 pius
346 2035 454 2094 autem
469 2028 555 2094 idem
574 2026 670 2111 λόγος
684 2035 812 2094 notatur
827 2047 906 2094 voce
930 2025 1268 2113 cvyypcpsadc²):
1290 2050 1323 2114 p.
1341 2033 1415 2109 533,

261 2135 298 2196 10
320 2131 383 2206 (W.
408 2133 481 2206 438)
510 2130 626 2213 πολλα]
658 2129 693 2193 δὲ
722 2127 1031 2215 συγγραφικώτερον
1058 2126 1096 2194 τὸ
1126 2122 1253 2216 ὀρθοῦν
1282 2128 1318 2196 ἐν
1343 2145 1416 2210 τοῖς

258 2225 403 2318 σχήμασι
426 2232 480 2296 καὶ
503 2229 547 2316 μὴ
571 2228 776 2315 πλαγιάζειν,
802 2229 840 2296 τὸ
866 2230 902 2296 δὲ
924 2230 1120 2315 πλαγιάζειν
1142 2235 1208 2297 τῶν
1231 2234 1415 2299 πολιτικῶν

260 2332 350 2398 ἐστιν
367 2335 418 2412 (cf.
433 2354 462 2398 v.
476 2336 517 2396 24
533 2325 706 2415 ἀνειμένον
718 2330 754 2396 δὲ
765 2335 863 2396 τοῦτο
875 2335 931 2398 καὶ
944 2318 1189 2410 ἀναπεπτωκὸς
1201 2329 1287 2400 εἶναι
1300 2334 1415 2413 όοκεῑ).

260 2458 292 2520 p.
310 2441 382 2514 530,
406 2441 425 2499 5
450 2435 511 2510 (W.
529 2437 602 2511 434)
631 2436 686 2500 καὶ
715 2433 757 2500 τὰ
785 2434 974 2519 συγκριτικὰ
1003 2435 1039 2501 δὲ
1068 2434 1220 2522 σχήματα
1243 2435 1333 2503 πάνυ
1355 2442 1415 2521 μέν

259 2586 324 2624 num
341 2571 412 2624 lusu.
448 2563 637 2640 ἀγωνιστικὸς
655 2568 689 2622 de
706 2569 765 2622 scia
785 2569 905 2623 iudiciali
928 2569 1050 2624 oratione
1067 2585 1123 2625 non
1140 2570 1194 2624 nisi
1210 2586 1322 2639 perraro
1340 2572 1414 2625 inse·

261 2657 349 2723 nitur;
368 2670 402 2709 ne
414 2653 603 2721 Baumgartius
622 2653 727 2722 quidem
745 2659 810 2724 apta
822 2654 945 2724 exempla
961 2654 1062 2710 attulit.
1093 2655 1247 2710 Cavendum
1264 2657 1414 2723 igiturest,

259 2757 293 2796 ne
310 2744 412 2796 temere
429 2739 469 2794 ita
486 2739 557 2793 hane
575 2753 668 2794 vocem
685 2739 905 2808 interpretemur,
927 2745 957 2794 ut
974 2739 1040 2794 iecit
1056 2740 1254 2810 Baumgartius.
1289 2741 1414 2811 Denique

259 2823 339 2900 ἀγὼν
357 2825 492 2894 significat
510 2829 535 2890 5)
553 2824 640 2893 ipsam
658 2824 808 2879 orationem
826 2826 994 2895 (plerumque
1009 2825 1182 2891 iudicialem).

328 2918 352 2978 1)
371 2911 411 2966 Oi.
431 2911 556 2977 Hermog.
576 2909 623 2979 Sp.
641 2909 669 2962 lI
687 2912 774 2972 365,8
793 2911 847 2974 (W.
865 2910 906 2963 111
925 2915 984 2972 323)
1003 2906 1038 2967 τὸ
1051 2905 1089 2983 μὴ
1108 2911 1354 2984 περινενοημένους
1372 2913 1414 2969 λε’-

259 3020 327 3071 γειν,
345 2994 444 3062 ἁπλοῖς
457 2996 486 3053 d'e
498 2999 546 3051 καλ
558 2988 714 3063 ἀνειμέναις
725 2991 760 3051 τὰ
774 2994 1014 3065 περινεναημένα·
1033 3000 1075 3052 διο
1089 2999 1138 3052 καὶ
1154 2993 1226 3053 ἴδιον
1238 3001 1325 3054 τοῦτο
1345 2991 1415 3070 α’φε·

258 3088 334 3150 λείας
346 3084 420 3156 λέγω
432 3079 467 3138 τό
481 3085 530 3151 τῆς
542 3076 674 3152 τοιαύτης
691 3075 827 3148 μεθόδου,
856 3084 905 3137 καὶ
920 3078 1012 3138 πολλά
1027 3101 1059 3153 γε
1072 3077 1143 3153 ἔφην
1154 3077 1260 3139 τούτου
1272 3081 1307 3139 τά
1322 3103 1413 3156 παρα-

257 3172 395 3241 δείγματα
408 3162 487 3224 Ιεἶναι
504 3163 583 3237 παρὰ
603 3169 645 3240 τῷ
663 3169 832 3235 Ξενοφῶντι
853 3159 1018 3238 ἀναγκαίως
1041 3165 1085 3224 0ιά
1105 3166 1140 3223 τό
1160 3160 1265 3237 ἀφελὲς
1282 3171 1333 3238 τῆς
1350 3187 1413 3240 συγ-

258 3259 379 3328 γραφῆς,
392 3252 452 3308 0011.
466 3251 578 3306 Aristid.
592 3251 638 3320 Sp.
652 3250 678 3304 11
692 3254 750 3318 τιν,
766 3255 804 3306 11.
818 3255 876 3318 sss,
890 3251 1113 3316 1411111140.
1129 3255 1200 3320 σε)
1217 3252 1332 3308 maxims
1344 3255 1413 3308 enin

258 3343 329 3395 inter
347 3355 376 3394 sc
393 3341 457 3392 sunt
475 3336 581 3392 similia.

344 3429 370 3490 2)
389 3423 468 3477 Hunc
481 3437 560 3476 usum
573 3422 647 3476 vocis
660 3421 864 3494 συγγραφικὸς,
882 3437 947 3490 opp.
959 3437 1025 3477 voce
1043 3417 1182 3488 σῦντονος
1194 3438 1243 3476 seu
1255 3423 1412 3489 πολιτικός,

257 3512 328 3566 idem
352 3508 466 3563 valentis
488 3516 570 3575 atqua
594 3503 711 3576 ἄνετος,
735 3508 849 3576 praebet
868 3507 911 3562 Ps.
931 3507 1080 3561 Menander
1096 3508 1124 3560 in
1143 3507 1212 3562 libro
1232 3527 1262 3563 τι.
1279 3505 1411 3565 enatem.

259 3597 331 3666 apud
350 3593 521 3664 Spengelium
539 3593 577 3646 111
595 3596 710 3658 39918.
729 3598 788 3656 400,
801 3597 826 3646 7.
844 3597 904 3658 411,
921 3595 961 3647 28.
981 3596 1039 3658 414,
1053 3597 1084 3646 29
1103 3602 1147 3656 t=
1160 3592 1205 3647 W.
1217 3591 1257 3646 IX
1275 3595 1334 3646 234.
1354 3595 1411 3649 265.

259 3686 317 3736 219.
337 3684 406 3744 284).
441 3678 517 3733 Voce
535 3673 675 3744 σύντονος
691 3678 761 3733 idem
773 3678 901 3732 Aristidis
919 3677 964 3743 (cf.
978 3677 1024 3747 Sp.
1040 3677 1067 3730 ΙΙ
1080 3681 1137 3742 513,
1151 3681 1183 3732 20
1196 3702 1230 3722 =
1242 3676 1286 3732 W.
1299 3675 1340 3730 IX
1353 3683 1412 3744 411)

258 3769 287 3821 in
304 3780 404 3820 morem
422 3764 507 3817 utitur
525 3761 570 3830 Sp.
590 3763 629 3817 111
647 3765 706 3828 402,
720 3767 762 3816 24.
781 3765 840 3828 369,
858 3767 883 3817 4.
902 3767 987 3828 400,1
1008 3765 1051 3827 (=
1064 3761 1108 3814 W.
1127 3760 1167 3814 IX
1185 3763 1244 3816 269.
1264 3765 1323 3815 214.
1343 3765 1409 3828 264).

258 3855 290 3906 In
307 3851 398 3920 priore
411 3867 439 3904 π.
453 3845 585 3904 ἐπιδεικτ.
605 3853 723 3903 tractatu
741 3849 837 3902 horum
856 3847 922 3902 nihil
941 3848 1109 3910 observatur,
1128 3847 1200 3915 quod
1217 3848 1276 3900 iure
1292 3846 1321 3900 in
1333 3863 1410 3902 suum

259 3951 338 3990 usum
349 3933 429 3988 vertit
441 3931 470 3986 0.
485 3933 609 3997 Bursian,
622 3933 670 3988 der
682 3932 786 3987 Rhetor
798 3932 965 3987 Menandros
977 3949 1003 3986 u.
1015 3931 1089 3986 scine
1101 3931 1237 3986 Schriften
1251 3933 1316 3985 1332
1329 3946 1357 3999 p.
1370 3934 1410 3986 22.

259 4021 372 4077 Videtur
389 4018 471 4086 igitur
483 4017 600 4086 scriptor
612 4017 724 4072 alterius
741 4021 884 4082 tractatus,
903 4018 975 4085 quod
988 4015 1023 4071 ad
1035 4015 1241 4084 technologiam,
1259 4015 1410 4070 Aristideaa
1475 4057 1476 4086 3

256 4106 355 4164 rationi
372 4102 496 4158 addictus
514 4117 581 4158 esse.
599 4123 602 4130 ·
