2990 4886
244 320 305 376 158
655 321 768 376 Carolus
785 321 992 377 Brandstaetter

245 499 441 577 quantopere
469 495 596 559 termini
626 491 764 575 δύναμις
788 500 820 559 et
843 497 935 579 τέχνη
963 494 1144 560 rhetoribus
1173 494 1325 560 differant
1346 496 1404 572 (cl.

244 595 963 678 111111.1111611925,32119117,19).
994 632 1037 643 -
1067 593 1153 672 ἕξις
1182 594 1405 682 πολιτικὴ,

244 700 382 766 facultas
413 699 552 764 civiliter
581 699 727 783 dicendi,
758 707 864 766 exstat
892 721 923 783 p.
949 703 1026 782 121,
1051 702 1107 784 30,
1138 700 1194 764 vix
1217 699 1405 765 ullomodo

245 800 474 884 discrepansa
502 801 662 867 locutione
693 799 831 882 δύναμις
858 798 1024 885 πολιτική.
1056 797 1256 884 ἐμπειρία
1280 800 1405 864 πολι-

243 900 331 986 τικὴ
357 905 474 986 legitur
496 924 527 986 p.
547 907 618 985 140,
635 907 691 987 32;
715 905 787 986 284,
812 909 848 986 53
871 903 1081 988 probabiliter
1104 903 1269 986 suppletur
1284 923 1305 967 a
1320 901 1405 968 Sud-

243 1006 356 1073 haurio
379 1027 411 1089 p.
438 1010 508 1088 134,
534 1009 586 1071 13:
611 1005 661 1072 his
685 1007 831 1073 omnibus
859 1008 939 1072 locis
962 1003 1039 1086 ε’μπ.
1063 1005 1140 1069 πολ.
1164 1012 1212 1071 111
1234 1005 1402 1089 experien-

243 1110 289 1174 tia
311 1108 479 1174 dicendi
511 1109 658 1174 civiliter.
702 1109 828 1174 Incerta
849 1109 929 1172 mihi
958 1108 1131 1192 explicatio
1162 1114 1210 1174 est
1231 1107 1404 1174 verborum

244 1210 560 1294 consurgam.
574 1213 645 1295 348,
663 1216 691 1291 5,
715 1207 934 1294 πολιτικὴν
951 1210 1214 1295 φιλοσοφίαν
1237 1230 1268 1292 p.
1282 1212 1354 1292 364,
1370 1212 1403 1292 3,

245 1309 472 1395 πολιτικὴν
497 1304 679 1396 ἀφωνίαν
704 1315 781 1394 322,
807 1316 861 1376 16:
888 1313 995 1378 nescio
1019 1313 1115 1392 enim,
1138 1318 1243 1377 utrum
1267 1310 1308 1376 de
1331 1312 1405 1378 sola

245 1417 334 1483 cirili
351 1415 536 1498 eloquentia
551 1414 638 1480 dieta
653 1415 724 1492 sint,
746 1435 787 1479 an
803 1416 909 1499 potius
926 1414 967 1479 ad
983 1415 1165 1481 universam
1189 1414 1220 1478 in
1235 1414 1405 1496 republica

243 1520 343 1583 vitam
367 1523 520 1602 spectent.

330 1621 487 1685 Diversus
509 1619 550 1684 ab
573 1620 674 1702 ipsius
690 1617 873 1684 Philodemi
887 1639 976 1685 more
999 1620 1026 1684 is
1046 1625 1095 1684 est
1116 1619 1205 1684 vocis
1227 1613 1404 1692 πολιτικὸς

244 1743 331 1806 usus,
358 1741 421 1804 quo
445 1723 476 1786 in
500 1722 671 1804 generibus
695 1721 918 1787 enumerandis
934 1720 1106 1786 adhibetur
1127 1720 1169 1785 de
1192 1721 1260 1786 solo
1283 1739 1403 1803 genere

244 1825 473 1892 deliberativo:
503 1844 533 1907 p.
551 1825 609 1906 92,
642 1825 680 1887 18
707 1821 790 1906 μήτε
811 1818 849 1886 τὸ
874 1819 1049 1886 πολιτικὸν
1070 1819 1151 1908 μήτε
1172 1818 1209 1886 τὸ
1234 1819 1402 1886 δικανικὸν

243 1926 326 2012 μήτε
356 1923 392 1990 τὸ
424 1921 647 2011 πανηγυρικὸν
679 1933 782 2006 μέρος
810 1927 868 2009 τῆς
891 1925 1079 2010 ῥητορικῆς,
1110 1945 1193 2008 quae
1215 1931 1403 2008 repetuntur

244 2052 276 2114 p.
293 2033 345 2112 93,
362 2031 412 2094 23.
435 2032 486 2107 98,
510 2033 548 2093 19
564 2032 601 2112 ¹);
628 2029 775 2094 omnihus
798 2027 848 2093 his
870 2029 950 2094 locis
973 2026 1181 2094 Philodemus
1204 2025 1287 2092 hunc
1309 2047 1402 2093 usum

245 2139 405 2198 mutuatus
422 2139 471 2197 est
486 2131 528 2196 ab
548 2130 735 2196 adversario
759 2130 908 2214 quodam,
932 2132 964 2195 in
987 2150 1049 2212 quo
1065 2129 1233 2196 refutando
1256 2135 1403 2196 versatur

244 2235 319 2301 inde
342 2255 362 2300 1
377 2255 409 2319 p.
426 2235 477 2316 92,
495 2236 568 2298 33..

330 2336 374 2403 Ut
397 2337 460 2400 iam
478 2335 640 2400 mittamus
655 2335 840 2417 Epicurum,
864 2334 953 2398 ouius
976 2333 1105 2399 dicendi
1129 2353 1203 2400 usus
1226 2335 1313 2416 apud
1337 2334 1402 2401 dis·

245 2439 369 2522 cipulos
385 2437 472 2503 haud
490 2437 587 2502 dubie
603 2456 704 2520 usque
719 2435 761 2501 ad
778 2434 961 2501 Philodemi
980 2446 1125 2519 tempora
1140 2456 1266 2520 semper
1287 2437 1401 2516 valuit,

245 2561 285 2606 ex
320 2541 376 2619 iis,
411 2559 493 2622 quae
523 2546 714 2621 sequuntur,
748 2537 872 2602 dachus
901 2539 1038 2604 saeculis
1068 2539 1208 2621 ipsorum
1237 2536 1402 2604 rhetorum

245 2663 343 2727 opera
366 2641 408 2708 ad
431 2661 489 2708 nos
519 2647 735 2723 pervenerunt
757 2640 855 2704 nulla.
899 2638 1010 2706 Nihilo
1039 2647 1146 2706 tamen
1168 2641 1273 2706 miuus
1295 2661 1403 2724 pauca

243 2752 364 2812 restant
395 2746 495 2811 verba
524 2763 718 2828 paucorum,
748 2762 831 2824 quae
861 2749 992 2827 propter
1019 2743 1121 2825 ipsam
1149 2743 1402 2808 testimoniorum

244 2848 411 2931 penuriam
437 2846 646 2912 memoranda
674 2853 756 2913 sunt.
788 2845 1042 2930 ,Hieronymi
1071 2843 1273 2927 philosophi,
1303 2863 1401 2926 quem

157 2932 161 2945 ’
243 2951 545 3033 peripateticis
573 2949 820 3015 adscribendum
851 2967 921 3014 esse
950 2955 1070 3013 certum
1101 2951 1150 3012 est
1175 2947 1247 3012 coll.
1265 2945 1330 3012 Cio.
1355 2967 1400 3012 or.

160 3068 163 3144 j
244 3055 301 3134 56,
328 3054 404 3132 190,
437 3056 604 3117 servantur
629 3071 692 3116 non
715 3052 795 3116 vilia
823 3049 981 3133 quaedam
1010 3048 1146 3114 frustula
1167 3069 1187 3112 1
1209 3047 1401 3113 Philodamo

161 3145 163 3155 '
243 3156 307 3219 vol.
330 3152 377 3218 rh.
401 3174 432 3236 p.
452 3155 528 3237 198,
555 3154 717 3234 13-200,
744 3158 755 3213 1
785 3159 816 3217 11
845 3152 941 3234 paulo
971 3152 1099 3235 parcius
1122 3151 1253 3216 aDion.
1270 3150 1401 3216 Halde

242 3257 339 3323 Isocr.
370 3256 435 3323 iud.
459 3276 490 3339 p.
508 3259 569 3321 560
581 3276 629 3338 sq.
646 3256 690 3338 R,
720 3274 802 3337 quae
832 3253 961 3337 quidem
993 3253 1212 3320 demonstrant
1238 3253 1335 3318 etiam
1362 3252 1400 3316 iu

242 3358 487 3424 Aristotelis
510 3358 665 3423 lamilia
681 3377 730 3440 eo,
755 3376 817 3439 quo
834 3355 929 3421 modo
952 3356 1143 3436 invenimus,
1166 3375 1262 3421 sensu
1284 3376 1398 3422 vocem

242 3457 416 3535 πολιτικὸς
445 3460 486 3526 de
507 3459 676 3526 rhetoricis
698 3460 794 3525 rebus
823 3458 921 3524 luisse
944 3463 1138 3542 usurpatam.
1183 3457 1399 3542 Hieronymus

243 3563 322 3629 dicit
350 3562 436 3647 apud
466 3561 593 3628 Philod.
622 3583 653 3645 p.
679 3564 756 3646 199,
785 3565 819 3624 9:
850 3552 1097 3641 sioadyvoowv
1125 3557 1185 3639 μὲν
1213 3553 1299 3623 εἶναι
1328 3557 1399 3644 (τὴν

238 3657 444 3748 Ἰσοκράτους
474 3661 572 3739 λέξιν)
600 3665 658 3746 τῆς
687 3664 804 3749 φωνῆς
826 3657 1021 3748 ὑφειμένης,
1054 3657 1263 3746 ἐπαρθείσης
1286 3659 1321 3725 δὲ
1344 3660 1398 3748 μή,
1483 3671 1484 3738 ζ

243 3766 318 3831 λίαν
341 3777 415 3841 ταῖς
438 3763 611 3849 περιόδοις
633 3769 896 3848 κατεπείγουσαν
911 3760 969 3828 τὸν
986 3763 1132 3846 λέγοντα,
1156 3763 1212 3826 καὶ
1234 3759 1294 3847 τὴν
1316 3757 1399 3828 ὑπό·
1483 3757 1484 3822 i

242 3889 349 3955 νριοιν
384 3857 632 3954 ἀφαιρουμένην
662 3868 792 3952 (Speng.
823 3888 881 3952 pro
911 3857 1169 3952 ἀφαιρουμένου)
1200 3865 1254 3929 καὶ
1282 3862 1398 3946 σχεδὸν

329 4008 353 4066 1)
372 4003 412 4058 De
430 4001 483 4057 alic
503 4001 617 4070 quodam
634 4000 696 4056 loco
714 4006 752 4069 (p.
775 4005 839 4065 101,
858 4004 900 4063 tt)
919 4000 945 4053 in
964 4000 1050 4054 altera
1069 3998 1303 4053 commentationis
1322 4007 1399 4068 parte

244 4089 339 4144 dicam.
