3004 4886
241 338 302 394 222
652 339 764 394 Carolus
782 339 987 394 Brandstaetter

240 513 304 576 sint
319 512 369 586 (of.
382 531 479 595 supra
490 533 521 594 p.
538 514 664 594 tsusq.)
681 513 825 578 invenire
840 532 875 578 se
891 511 1011 594 valere,
1029 511 1112 578 hunc
1128 513 1160 577 in
1175 512 1307 578 modum
1324 534 1398 598 per-

184 639 187 645 ’
240 615 287 696 git
309 615 352 697 (p.
369 616 442 695 206,
463 615 532 689 ill:
555 615 611 678 καὶ
626 611 663 676 τὸ
680 616 796 696 πέρας,
821 606 897 678 οὐδὲ
914 610 1126 697 ἒιμήρμοσεαί
1140 637 1173 678 σι
1189 627 1260 691 τοῖς
1279 609 1397 691 ἄλλοις

241 713 274 798 ἐν
296 728 370 790 ταῖς
391 718 615 798 τεχνολογίαις
638 703 755 797 αὐτῶν,
780 707 863 778 ἀλλὰ
886 727 957 791 τοῖς
980 715 1168 792 πολιτικοῖς
1190 715 1293 798 μόνον
1309 740 1397 797 προ-

239 815 415 901 βλήμασιν.
453 815 495 880 “A
522 813 585 901 γὰρ
615 801 656 880 αὖ
680 817 757 900 περὶ
780 818 847 880 τῶν
869 819 1049 882 hastatis
1076 811 1396 905 λέγουσιν,’ἡοονῆς

238 918 298 1001 μὲν
326 922 419 1001 με’μει
441 918 583 1004 πολλῆς,
607 909 664 982 οὐκ
687 911 823 1002 εὔκαιρα
846 911 877 982 δ’
904 917 994 983 ἐστὶν
1018 921 1073 982 νῦν
1096 917 1315 998 ἐξετάζεσθαι
1342 924 1395 1001 (uf.

239 1043 270 1104 p.
288 1025 360 1104 206,
377 1025 405 1086 3.
425 1026 458 1085 11
479 1017 520 1084 τὰ
537 1012 680 1100 ἀόριστα
696 1028 728 1086 et
742 1017 784 1083 τὰ
801 1015 992 1102 ὡρισμένα).
1023 1023 1071 1087 Ao
1086 1028 1159 1088 sunt
1175 1023 1315 1108 quidem,
1332 1026 1398 1091 nisi

238 1125 342 1208 fallor,
366 1121 407 1188 τά
423 1119 542 1186 uocant
560 1143 608 1204 ea,
633 1124 664 1186 in
681 1123 797 1205 quibus
813 1124 905 1205 quasi
921 1123 1119 1205 singularum
1143 1144 1309 1190 causarum
1327 1145 1394 1191 cer-

238 1235 345 1293 tamen
369 1235 400 1292 et
423 1225 585 1292 contentio
609 1231 763 1305 versatur,
795 1232 995 1292 tractavero
1018 1226 1061 1291 ad
1083 1232 1273 1310 perpetuam
1296 1247 1395 1310 quae·

239 1330 373 1395 stionem
402 1336 433 1393 et
462 1327 504 1392 ad
538 1327 722 1392 universum
757 1347 857 1409 genus
894 1334 1046 1393 revocata
1058 1332 1079 1404 ¹)
1115 1325 1164 1406 (τὸ
1199 1326 1395 1410 κρινόμενον
1495 1321 1496 1348 ¹

237 1432 278 1495 ab
308 1431 522 1512 Hermagora,
552 1426 736 1512 κεφάλαιον
765 1426 799 1492 ἐν
829 1423 996 1492 ὑποθέσει
1026 1437 1142 1496 vocata
1170 1451 1191 1496 a
1219 1430 1395 1498 Theodoro
1495 1459 1496 1480 ι

238 1539 319 1598 teste
347 1531 479 1596 Theona
502 1529 557 1613 Sp.
575 1529 606 1594 ll
630 1531 966 1614 1201301243),
1000 1533 1112 1614 quales
1141 1533 1271 1615 quidem
1295 1553 1394 1614 quae·

237 1635 355 1698 stiones
384 1639 457 1715 post
484 1633 703 1716 Hermagorae
732 1639 877 1716 tempora
906 1633 1063 1716 imprimis
1092 1641 1247 1701 tractatae
1279 1639 1395 1714 sunt.²)

237 1735 315 1799 Illos
332 1731 628 1815 συμβουλευτικοὺς
650 1731 785 1812 τόπους,
810 1754 889 1816 quos
912 1733 1120 1801 Philodemus
1137 1737 1249 1802 laudat
1270 1758 1302 1821 p.
1319 1741 1395 1821 208,

237 1838 295 1918 26,
324 1837 411 1903 Ιοοοε
434 1857 661 1904 communes
684 1857 735 1902 me
758 1836 945 1919 intellegere
967 1856 1065 1920 supra
1086 1841 1234 1922 negavi
1257 1860 1287 1922 p.
1311 1843 1395 1925 219,
1495 1835 1496 1908 ?

235 1959 298 2003 non
321 1939 418 2021 igitur
440 1939 629 2004 numerandi
653 1945 725 2004 sunt
748 1939 829 2003 inter
852 1957 900 2021 ea,
926 1957 1009 2020 quae
1032 1938 1198 2023 sophistae
1221 1941 1283 2024 ipsi
1306 1962 1393 2008 com-

236 2042 399 2122 ponebant
422 2047 454 2106 et
476 2041 688 2123 ostentabant,
711 2037 871 2106 rhetorica
893 2041 1079 2122 specimina.

321 2144 371 2208 De
387 2151 532 2209 natura
548 2151 580 2209 et
594 2143 736 2208 indole
754 2142 874 2224 harum,
896 2163 974 2224 quas
991 2144 1183 2228 notavimus,
1199 2145 1392 2229 orationum,

237 2253 389 2328 quantum
411 2245 455 2310 ad
477 2245 606 2312 dicendi
629 2264 729 2327 genus
751 2247 898 2328 pertinet,
923 2265 986 2311 non
1008 2247 1109 2310 multa
1126 2247 1159 2310 in
1175 2247 1394 2314 voluminibus

235 2348 455 2414 aSudhausio
480 2348 575 2414 editis
598 2353 728 2412 servata
750 2353 838 2430 sunt,
861 2369 934 2412 nam
959 2367 1041 2430 quae
1064 2349 1213 2431 leguntur
1235 2348 1276 2414 de
1299 2348 1393 2415 sehe-

236 2459 355 2515 matum
371 2452 470 2514 nimio
487 2470 545 2515 usu
561 2471 592 2532 p.
610 2451 659 2530 33,
679 2451 812 2532 13-25,
835 2471 897 2516 non
914 2457 986 2514 sunt
1001 2451 1063 2516 nisi
1085 2451 1251 2534 suppleta,
1274 2451 1333 2516 sed
1349 2471 1391 2516 ex
1495 2479 1496 2482 ¹

235 2553 419 2618 Philodami
441 2553 599 2618 sententia
621 2551 701 2618 haec
724 2553 894 2618 substituta
916 2572 987 2617 esse
1010 2559 1130 2618 certum
1146 2552 1182 2616 fit
1197 2553 1322 2618 collatis
1339 2554 1390 2634 iis,
1495 2565 1496 2654 ζ

260 2799 262 2806 y
322 2741 345 2799 1)
363 2733 535 2790 Adiectivi
552 2735 640 2788 forma
658 2731 697 2792 τὰ
716 2729 845 2791 estrei
869 2735 954 2788 multo
973 2733 1062 2788 rarius
1079 2736 1152 2805 apud
1171 2735 1390 2804 technogrsphos
1495 2739 1496 2802 ξ

233 2821 370 2875 invenitur
382 2835 462 2890 quam
475 2821 637 2875 substantivi
649 2820 752 2886 θέσεις,
771 2820 823 2885 cui,
841 2823 972 2888 quiantum
985 2820 1081 2885 sentio,
1099 2819 1217 2875 fortasse
1228 2835 1263 2875 ne
1274 2835 1390 2890 prorsus
1495 2819 1496 2850 r

234 2907 341 2975 quidem
364 2921 414 2975 par
438 2910 488 2960 est.
523 2905 625 2959 Nostra
647 2905 832 2974 interpretatio
857 2906 925 2958 bene
947 2904 1102 2959 illustratur
1126 2903 1276 2959 Theonis
1300 2905 1390 2959 verbis

235 2994 280 3062 Sp.
292 2992 319 3046 Il
333 2996 374 3057 69,
388 2997 411 3044 5.
430 2991 501 3045 W.I
519 2995 564 3044 165
574 3005 624 3058 sq,
644 3005 722 3057 quem
740 2989 830 3044 locum
847 2990 891 3045 hic
909 3005 1021 3044 exarare
1038 3005 1093 3044 non
1110 2989 1183 3056 licet,
1202 2997 1230 3044 et
1248 2989 1388 3058 Quintil.

232 3079 295 3134 inst.
308 3078 350 3131 ΙΙΙ
366 3082 390 3144 5,
404 3081 429 3143 4,
447 3078 492 3144 qui
504 3076 714 3130 Athenaeum
732 3075 815 3129 refert
826 3080 930 3144 partem
949 3091 1048 3130 causae
1062 3070 1113 3148 τὴν
1124 3075 1207 3132 θέσιν
1223 3077 1389 3144 appellasse.

232 3164 319 3218 Nicol.
333 3163 420 3230 soph,
439 3168 470 3214 ut
481 3161 621 3229 suppleam
633 3161 738 3216 Ernstii
749 3162 802 3215 lox.
816 3177 837 3216 s.
851 3178 884 3226 v.,
902 3162 976 3230 apud
988 3163 1035 3230 Sp.
1047 3161 1089 3215 111
1101 3167 1159 3227 419,
1175 3166 1206 3217 14
1221 3155 1390 3219 thierarche
1495 3195 1496 3212 ι

231 3247 365 3316 appellat:
385 3241 419 3302 τὸ
439 3245 568 3318 παρέχον
585 3250 622 3318 τῇ
633 3241 770 3303 ὑποθέσει
788 3241 839 3316 τὴν
857 3243 1004 3317 πρόφασιν
1021 3241 1096 3311 (οἷον
1108 3245 1140 3304 ἐν
1151 3245 1334 3322 ἐπιθαλαμίῳ
1351 3245 1387 3304 τὸ
1439 3283 1442 3288 -

232 3337 298 3406 περὶ
322 3328 440 3404 γάμων).
482 3332 568 3384 Aliter
594 3331 800 3398 intellegendum
824 3332 876 3386 hoc
897 3333 1160 3401 vocabulumapud
1183 3333 1297 3387 eundem
1320 3332 1387 3386 ibid.

232 3437 259 3489 p.
274 3423 332 3482 496,
346 3423 369 3484 5,
388 3417 435 3471 ubi
448 3417 491 3470 vix
504 3431 571 3470 sana
583 3419 624 3470 est
637 3417 714 3470 codd.
731 3418 874 3485 scriptura,
893 3432 942 3486 pro
955 3432 1008 3485 qua
1020 3415 1100 3471 facile
1112 3418 1172 3486 quis
1190 3419 1389 3486 exspectaverit

231 3499 405 3563 ἄντιθειικοὲ.
435 3503 558 3570 Denique
571 3502 788 3556 Philostrato
807 3506 840 3565 tv.
853 3503 931 3570 soph.
945 3503 970 3555 ll
983 3507 1010 3568 6)
1027 3506 1139 3559 θετικαὶ
1156 3496 1388 3568 inclinassent
1495 3565 1496 3568 ρ

231 3590 394 3661 philosopha
407 3589 538 3644 orationis
552 3587 717 3656 sophisticae
729 3594 885 3656 argumenta
897 3588 1057 3654 (διαλέξεις),
1076 3588 1111 3643 σ1.
1124 3589 1190 3642 ibid.
1203 3588 1230 3642 Π
1244 3592 1277 3642 29
1289 3585 1325 3645 τὰ
1338 3594 1385 3644 θε-

231 3673 294 3735 saxol
313 3681 372 3732 τῶν
387 3677 511 3748 χωρίων.

316 3768 341 3828 2)
360 3761 401 3816 Cf.
416 3762 449 3816 0.
462 3760 593 3827 Thiele,
609 3759 836 3827 Hermagoras
851 3763 916 3814 1893
929 3775 954 3829 p.
970 3762 1002 3811 29
1012 3774 1061 3827 sq,
1075 3759 1120 3827 qui
1132 3762 1205 3812 recte
1218 3758 1251 3812 de
1263 3757 1386 3812 thesibus

231 3864 247 3900 a
265 3846 447 3916 peripateticis
465 3847 590 3900 tractatis
608 3845 731 3900 iudicare
755 3844 820 3898 mihi
844 3845 950 3912 quidem
970 3843 1088 3912 vitietur,
1112 3843 1190 3897 multi
1208 3843 1279 3895 enim
1296 3842 1385 3895 adhuc

231 3933 307 3986 aliter
324 3932 376 3984 bac
394 3930 427 3983 de
445 3943 475 3983 re
492 3938 648 3999 senserunt3
667 3947 691 3987 v.
711 3930 748 3984 M.
768 3929 924 3982 Schmidt
942 3929 979 3982 dc
992 3928 1160 3996 Theophr.
1179 3925 1280 3992 rhet,
1298 3928 1385 3981 schol.

230 4018 291 4071 Lat.
310 4015 370 4070 Hal.
391 4018 472 4080 1839,
490 4022 517 4068 et
535 4015 673 4070 Striller
697 4016 730 4069 do
748 4015 849 4069 stole.
874 4014 964 4068 stud.
984 4016 1068 4068 rhet.
1091 4013 1176 4068 Bresl.
1190 4012 1294 4082 philol.
1313 4011 1384 4065 Abh.

233 4108 295 4157 σοι
314 4120 340 4171 p.
355 4105 395 4155 rs.
