2990 4886
255 314 296 370 De
314 308 453 370 notionum
472 311 620 380 πολιτικός
638 317 665 369 et
683 313 822 385 σοφιστὴς
840 329 892 370 nau
910 314 1054 371 rhetorico.
1174 316 1213 372 17
1216 316 1233 372 7

76 487 271 564 llo-413).
316 488 366 553 lbi
389 489 489 570 enim,
512 493 548 552 ut
569 486 706 554 rhetoris
728 489 829 554 verba
852 505 988 570 servem,
1011 484 1237 553 πολιτικὸν

77 585 176 672 λόγον
199 588 353 656 describit
375 589 434 654 ita:
459 590 528 656 eius
544 585 730 676 ἐννοήματα
745 596 819 656 sunt
832 587 1022 674 τραχύτερα,
1047 587 1235 674 δριμύτερα,

77 687 275 774 ἐνδοξότερα
299 691 355 756 καὶ
379 682 447 754 ἆπδ
479 687 620 766 ἐνδόξων
650 687 901 773 λαμβανόμενα,
927 697 1153 774 μεταχείρισις
1175 694 1235 771 (ar-

78 793 223 874 gumenti
246 793 406 870 tractatio)
428 799 478 859 est
500 789 640 876 φανερά,
666 789 818 877 σχήματα
840 800 913 860 sunt
935 797 1066 874 τραχέα,
1091 790 1234 879 σφοδρὰ,

78 891 266 977 ἐλεγκτικὰ,
296 897 410 976 βίαια,
440 895 486 960 ita
514 901 548 960 ut
577 896 649 978 ipsa
670 895 772 962 oratio
800 895 857 961 liat
880 892 1052 976 σύντονος,·
1081 896 1167 980 quod
1194 896 1237 962 ad

79 993 182 1072 λέξινι
216 993 267 1060 δεῖ
287 993 372 1078 μετὰ
395 988 508 1082 πόσης
531 988 720 1082 ἀσφαλείας
742 997 797 1062 καλ
819 995 917 1062 τόνου
940 995 1156 1082 προάγεσθαι
1178 995 1237 1064 τόν

77 1095 184 1181 λόγον,
207 1099 240 1164 in
256 1099 397 1166 numeris
419 1095 564 1183 ἐγκοπὰς
579 1109 674 1164 ποιεῖ
687 1099 743 1164 καὶ
760 1096 932 1165 ἐνίσταται
948 1095 1034 1183 πρὸς
1049 1097 1109 1184 τήν
1125 1092 1236 1184 όικοήν.

76 1201 155 1267 Ilico
172 1200 344 1268 videamus
359 1197 419 1266 τὸν
443 1193 578 1288 όιφελη
602 1199 713 1286 λόγους
737 1203 805 1270 eius
829 1199 1014 1286 ἐννοήματα
1036 1209 1110 1269 sunt
1132 1196 1235 1281 ἁπλᾶ,

79 1298 245 1382 ἐπίκοινα,
268 1309 494 1384 μεταχείρισις
515 1325 579 1371 non
595 1313 644 1370 est
659 1301 798 1390 φανερά,
822 1305 879 1371 sed
896 1301 1001 1369 ἐνίοτε
1018 1309 1237 1388 κεκρυμμέναι

78 1403 163 1468 εἰσὶν
188 1403 226 1470 αἱ
250 1402 417 1493 ζητήσεις,
448 1397 598 1493 σχήματα
624 1416 698 1474 sunt
721 1400 828 1483 ἁπλᾶ,
852 1405 977 1492 μηδένα
1000 1403 1129 1490 ἐλεγχον
1153 1405 1237 1492 μηδέ

78 1503 233 1582 ἐξέτασίν
244 1531 320 1573 τινα
333 1505 551 1594 ἐμφαίνοντα,
567 1507 740 1592 κοινότερα
751 1509 807 1574 καὶ
820 1501 1097 1586 ἀναπεπτωκότα,
1112 1503 1133 1594 ή
1150 1508 1237 1586 λέξις

80 1607 169 1674 δοκεῖ
180 1603 228 1685 ὡς
242 1597 283 1673 όν
298 1608 377 1696 τύχη
395 1607 619 1694 προάγεσθαι,
635 1603 760 1676 ὑπτίαν
777 1607 987 1695 ἐμφαίνουσα
1002 1611 1057 1676 καὶ
1072 1610 1237 1698 μηδεμίαν

79 1708 292 1799 ἐπιτήδευσιν
308 1713 367 1795 της
383 1710 503 1788 λέξεως
517 1713 585 1778 κτλ.
615 1711 710 1790 Quod
724 1713 768 1779 ad
783 1713 984 1798 rhythmum:
1003 1715 1061 1801 τῆς
1077 1705 1237 1800 ἀφελείας

80 1810 149 1878 ἐστὶ
177 1811 216 1882 τὸ
249 1807 367 1890 ἆπλιῦς
396 1827 582 1899 προχωρεῖν
610 1811 668 1878 τὸν
702 1811 799 1896 λόγον
827 1816 882 1880 καὶ
909 1814 1064 1902 μηδαμοῦ
1093 1812 1237 1897 ἐγκοπὰς

80 1914 174 1985 εἶναι.
220 1919 368 1984 Breviter
396 1918 534 1984 similem
565 1918 836 2000 comparationem
867 1918 1087 2002 latitasse,
1111 1922 1150 1982 27
1174 1919 1236 1996 (W.

81 2021 126 2086 IX
141 2023 236 2100 tasi:
260 2010 374 2104 ὥσπερ
392 2018 428 2083 δὲ
444 2013 460 2082 δ
479 2013 654 2093 πολιτικὸς
670 2017 941 2099 συνειλκυσμένος
963 2017 1032 2084 ἐστὶ
1050 2021 1106 2084 καὶ
1129 2041 1237 2085 συνει-

82 2120 193 2209 ληφὼς
208 2119 251 2187 τὰ
264 2119 424 2206 νοήματα,
449 2111 587 2196 οότωςό
607 2112 733 2207 ἀφελής
755 2111 877 2197 όπτιος
898 2122 953 2186 καὶ
977 2113 1235 2203 ἀποτεταμένος.

81 2224 224 2292 Enaravi
248 2223 338 2308 haec,
362 2229 397 2289 ut
418 2223 624 2307 intellegeres
647 2223 869 2288 πολιτικοῦ
892 2220 991 2306 λόγου
1013 2222 1048 2290 id
1071 2243 1142 2292 ease
1164 2245 1237 2308 pro-

82 2327 193 2411 prium,
220 2325 308 2411 quod
324 2344 435 2392 omnes
452 2344 507 2392 eas
523 2325 746 2410 complectitur
764 2327 907 2408 virtutes,
932 2346 1014 2410 quae
1036 2328 1237 2410 postulantur

81 2429 1237 2512 incorrobcratoillo,acri,viriligeneredicendi,qnod

81 2521 1237 2614 publicociviumusuiaccommodatumest;aestuantem

83 2628 176 2714 λόγον
201 2652 276 2698 eum
299 2651 388 2714 esse,
418 2631 473 2715 qui
496 2632 693 2697 remissae
723 2633 790 2696 illi
814 2640 851 2698 et
872 2638 1109 2698 attenuatae
1132 2652 1236 2699 com·

83 2735 209 2801 monis
233 2732 547 2800 consuetudinis
570 2732 766 2816 loquendi
789 2734 943 2800 rationi
967 2741 998 2800 et
1020 2736 1236 2802 sententiis

84 2843 113 2899 et
135 2837 372 2902 elocutione
393 2836 565 2920 propius
588 2834 761 2902 accedit.
807 2836 896 2902 Haec
915 2855 956 2902 ex
978 2835 1143 2919 sophistae
1165 2856 1236 2903 son-

84 2937 181 3004 tentia
196 2957 253 3003 me
276 2937 397 3004 dixisse
414 2937 509 3003 etiam
527 2938 600 3004 aliis
618 2938 746 3004 indiciis
761 2937 905 3004 adducor
919 2945 954 3004 ut
969 2937 1108 3005 credam.
1152 2939 1236 3006 Nam

84 3037 150 3104 loco
176 3040 269 3106 vocis
299 3035 473 3114 πολιτικὸς
502 3037 590 3105 haud
618 3060 690 3106 raro
714 3039 872 3106 Aristides
901 3041 998 3106 utitur
1020 3060 1101 3106 voce
1130 3033 1236 3124 ἄγω-

85 3136 271 3216 νιοτικὸς
293 3142 346 3208 vel
362 3143 527 3225 coniungit
549 3142 677 3208 ambas:
701 3143 741 3208 cf.
758 3141 813 3226 Sp.
829 3143 862 3207 II
878 3145 949 3226 460,
967 3147 1006 3208 30
1023 3143 1083 3216 (W.
1100 3143 1147 3208 IX
1163 3147 1238 3222 343)

85 3236 370 3326 ἐπισκεψόμενον,
402 3240 449 3318 εἷς
478 3233 559 3307 όσον
589 3239 757 3325 ἐξαίρεται
779 3237 796 3308 δ
822 3238 1040 3328 ἀγωνιστικός
1063 3242 1159 3328 λόγος
1181 3248 1235 3313 καὶ

86 3337 225 3410 οίοτισιν
255 3336 515 3430 ἀναμιγνύμενος
539 3336 596 3408 οὐκ
619 3336 768 3428 όμοιρεῑ,
800 3342 833 3410 ἐν
856 3357 928 3420 τοῖς
950 3336 1042 3427 δροις
1064 3349 1124 3411 τοῦ
1148 3339 1236 3431 ἐγω-

86 3449 228 3511 νιστικοῦ
238 3449 260 3526 1)
283 3450 393 3529 μένειν
415 3443 474 3533 τήν
498 3446 693 3534 σεμνότητα,
717 3468 788 3514 cum
804 3469 835 3516 v.
851 3451 891 3512 24
914 3449 1033 3515 dixerit
1056 3445 1090 3512 ἐν
1105 3450 1152 3533 τῷ
1175 3473 1236 3515 πο-

169 3651 193 3710 1)
212 3647 290 3702 Hanc
308 3647 469 3716 scripturam
488 3652 548 3715 (pro
562 3643 761 3720 ἀγωνιστικὴν]
779 3649 863 3704 debeo
877 3649 1056 3718 Baumgart03
1076 3649 1148 3718 quod
1165 3650 1235 3704 idem

87 3725 273 3800 ἀγωνιστικὸν
290 3728 380 3804 λόγου
397 3732 450 3786 hoc
467 3729 527 3786 loco
546 3732 626 3786 vertit
639 3726 855 3800 ‘Geriottrrede’‚
873 3749 928 3790 non
945 3735 1033 3789 minus
1051 3734 1117 3788 mihi
1134 3735 1235 3804 impro-

87 3811 170 3881 batur,
189 3833 268 3886 quam
286 3832 355 3886 quac
373 3831 456 3886 supra
473 3832 500 3885 p.
516 3818 562 3870 167
582 3817 789 3884 perstrinximus
808 3817 854 3882 (ct.
872 3819 982 3888 Βασίας.
1002 3817 1061 3874 sel.
1080 3818 1163 3873 Arist.
1183 3826 1235 3874 etc.

88 3912 111 3964 p.
123 3905 169 3954 ur
178 3902 259 3970 adn).
272 3897 353 3974 ἀγὼν
361 3909 414 3957 est:
437 3905 460 3965 l)
472 3901 616 3970 epidictica
626 3904 801 3959 concertatio.
821 3907 846 3970 ll
858 3903 991 3962 iudicialis
1001 3903 1147 3960 contentio.
1167 3908 1191 3970 3)
1203 3921 1236 3960 ea

88 3988 303 4056 parentationis,
322 4002 391 4057 quae
409 3985 640 4042 confirmationem
658 3993 686 4042 et
702 3988 895 4044 refutationem
914 3991 1042 4048 continet.
1066 3994 1092 4058 4)
1111 4020 1142 4030 -
1162 3991 1235 4060 qnod

88 4069 167 4126 multo
184 4073 388 4129 αείιυιίεείιαιυο
407 4104 439 4114 -
459 4069 546 4128 omnis
559 4071 644 4128 civilis
662 4075 809 4140 contentio,
828 4090 891 4145 opp.
910 4075 1113 4146 epidicticarunr
1133 4077 1234 4134 oratio·

136 4162 245 4220 ωηερε
258 4166 359 4212 suurn.
384 4167 436 4214 nr.
1050 4166 1079 4213 12
