2990 4886
228 302 288 360 190
648 300 762 356 Carolus
780 299 987 358 Brundstaetter
1013 343 1015 348 ,

226 475 384 543 subtiliter
405 495 473 541 rem
497 474 681 556 considero,
710 494 805 540 sensu
828 474 990 541 Aristideo
1014 493 1079 539 vox
1105 468 1278 549 πολιτικὸς
1300 472 1386 538 mihi

226 577 353 644 videtur
368 578 568 662 accipienda.
598 577 692 660 Nam,
708 584 850 660 utquam
867 577 1056 644 brevissime
1071 595 1139 642 rem
1154 575 1384 658 demonstrem,

226 680 447 762 Hermogenes
463 699 534 746 eum
550 679 629 744 dioit
644 677 699 762 Sp.
713 679 828 760 11351,
842 681 882 742 25
899 679 960 755 (W.
976 679 1024 743 Ill
1041 679 1114 753 305)
1130 697 1213 760 quae
1230 679 1386 761 exempla

225 783 387 866 καθαρῶν
409 784 479 858 sive
495 773 629 867 ἀφελῶν
653 777 788 844 ἐννοιῶν
811 781 958 856 (eaedem
977 781 1061 846 enim
1077 779 1272 862 Hermogeni
1295 782 1384 857 sunt)

227 903 324 969 supra
349 884 509 966 attulerit,
539 883 638 949 fuisse
669 877 980 964 πολιτικώτερα
1002 880 1070 944 καὶ
1094 872 1385 963 ἀγωνιστικῶ-

227 1008 294 1067 rep
304 1010 340 1064 οι,
365 984 426 1052 hoe
441 985 529 1068 dioit,
548 985 577 1050 si
591 985 781 1068 respicimus
798 1004 862 1068 qua
876 985 1001 1050 ratione
1017 983 1146 1049 omnino
1162 983 1384 1066 Hermogenes

227 1087 402 1153 Aristidem
425 1087 669 1172 perstringat¹):
693 1087 852 1152 erravit
874 1084 1044 1167 Aristides,
1068 1085 1123 1168 qui
1144 1085 1193 1166 τῷ
1216 1083 1385 1168 πολιτικῶ

228 1187 314 1273 λόγῳ
338 1209 504 1273 opponens
526 1183 585 1252 τὸν
608 1180 716 1275 ἀφελῆ
739 1186 837 1271 λόγον
865 1195 963 1271 negot
991 1179 1128 1272 ἀφελεῖς
1158 1183 1287 1262 ἐννοίας
1310 1207 1385 1255 esse

227 1311 322 1375 posse
351 1292 385 1356 in
407 1290 571 1374 πολιτικῷ
600 1287 697 1374 λόγῳ.
743 1289 834 1369 Quae
857 1298 891 1357 ut
913 1291 1000 1356 dieta
1029 1291 1093 1356 sint
1122 1310 1194 1355 eum
1222 1290 1382 1373 acumine,

227 1414 292 1460 vox
308 1390 554 1474 πολιτικώτερα
570 1413 665 1459 sensu
681 1392 844 1459 Aristideo
861 1393 1067 1476 intellegatur
1081 1410 1214 1458 neeesse
1230 1398 1296 1476 est;
1319 1391 1385 1458 huo

226 1495 353 1562 aceedit
367 1496 439 1578 ipsa
454 1515 569 1562 voeum
585 1491 760 1570 moderareris
771 1497 794 1571 ²)
818 1501 850 1560 et
866 1486 1084 1578 ἀγωνιστικὸς
1106 1495 1288 1560 eoniunetio
1304 1513 1384 1561 vere

228 1597 435 1679 Aristidem),
453 1598 553 1662 verba
569 1593 602 1661 ἒν
617 1597 658 1682 τῇ
675 1589 757 1682 ἄλλῃ
774 1596 1026 1682 λογογραφίᾳλ),
1045 1617 1128 1680 quae
1144 1596 1226 1662 illud
1241 1616 1384 1680 σνγγρα-
1484 1645 1485 1662 ι

228 1695 326 1784 φικὸν
348 1701 441 1782 γένος
463 1699 615 1765 Aristidis
637 1701 670 1764 in
693 1701 880 1765 memoriam
906 1708 1075 1782 reuocent,
1102 1697 1302 1781 Xenophon,
1326 1698 1384 1780 qui

226 1802 359 1868 Aristidi
384 1802 477 1885 quasi
500 1802 677 1886 perfeetum
698 1803 864 1886 exemplar
879 1802 938 1864 τοῦ
955 1792 1099 1886 ἀφελοῦς
1122 1798 1220 1884 λόγου
1243 1800 1382 1882 videtur,
1484 1801 1485 1884 l

227 1905 268 1970 ab
292 1905 496 1988 Hermogene
518 1906 640 1987 primus
663 1905 804 1987 exempli
828 1923 925 1970 eausa
946 1904 1064 1969 allatus
1088 1903 1156 1986 (Sp.
1180 1903 1306 1987 11352,
1331 1907 1382 1967 10.
1484 1903 1485 1988 l

228 2007 277 2072 W.
295 2009 380 2084 306).
418 2007 517 2088 Haeo,
541 2025 624 2089 quae
640 2008 739 2071 multo
755 2007 870 2072 melius
886 2006 1073 2088 sentiuntur,
1097 2025 1192 2088 quam
1216 2005 1382 2088 docentur,
1484 2005 1485 2020 ³

227 2111 255 2175 si
271 2129 348 2174 vera
364 2116 446 2191 sunt,
469 2109 590 2191 optime
605 2109 831 2191 intellegentur
846 2109 946 2174 verbe
968 2109 1137 2191 sequentia
1151 2107 1206 2192 Sp.
1222 2108 1255 2172 II
1272 2111 1344 2191 352,
1362 2113 1377 2172 1
1484 2189 1485 2214 ¹

228 2211 289 2287 (W.
309 2214 398 2288 306):
430 2211 513 2292 λέγω
537 2208 573 2274 δὲ
596 2201 649 2274 ὅτι
671 2211 737 2274 τῶν
759 2211 920 2291 καθαρῶν
943 2207 1070 2273 τούτων
1092 2211 1147 2274 καὶ
1171 2202 1305 2294 ἀφελῶν
1328 2207 1382 2274 ἐν·
1484 2255 1485 2272 ι

228 2314 327 2378 votuit
352 2311 386 2377 αἱ
409 2311 469 2395 μὲν
492 2312 619 2394 μᾶλλον
642 2305 846 2394 ἆρμόττουσι
869 2313 917 2395 τῷ
941 2311 1149 2395 πολιτικῷ
1172 2304 1268 2396 λόγῳ,
1293 2311 1329 2376 αἱ
1345 2310 1382 2376 δὲ
1484 2319 1485 2372 J

227 2408 335 2500 ἧττον,
360 2414 395 2480 αἱ
412 2413 448 2479 δὲ
464 2407 537 2480 οὐδ’
564 2411 660 2493 ὅλως,
685 2411 793 2490 dicuat
809 2414 936 2496 μᾶλλον
956 2412 1116 2490 εἴποντος
1133 2402 1173 2478 dv
1190 2411 1279 2490 ἰδίας
1294 2409 1382 2480 εἶναι
1484 2415 1485 2420 ’

227 2519 285 2605 τῆς
309 2510 525 2602 ἆφελείαςε
548 2517 710 2603 oppositio
730 2517 815 2582 enim
832 2517 914 2582 inter
936 2513 1112 2580 πολιτικὸν
1135 2513 1231 2599 λόγον
1248 2521 1280 2582 et
1295 2508 1381 2603 ἆφέ-

228 2621 320 2685 λειαν
335 2621 421 2687 faeta
435 2640 565 2703 prorsus
582 2627 631 2686 est
645 2618 823 2702 Aristidem
845 2638 950 2702 neque
965 2619 1060 2685 aliter
1074 2618 1274 2702 accipienda,
1297 2638 1381 2702 quae

227 2727 268 2791 ab
285 2725 335 2790 his
352 2725 496 2807 separari
518 2744 582 2790 non
603 2729 746 2807 possunt,
770 2723 871 2788 verba
894 2721 949 2806 Sp.
964 2723 996 2787 ll
1012 2723 1083 2805 352,
1100 2725 1140 2786 27
1165 2722 1226 2800 (λλ.
1242 2722 1291 2787 ΠΙ
1306 2726 1380 2796 307)
1484 2729 1485 2796 )

229 2825 258 2892 εἰ
270 2830 294 2906 ὅ)
311 2825 346 2890 δὲ
363 2820 480 2904 ἄλλως,
506 2817 563 2889 οὐκ
579 2820 769 2912 ἐπιτήδειαι
791 2825 871 2903 (soil.
889 2822 924 2888 αἱ
940 2815 1026 2888 οὕτω
1044 2821 1215 2908 λεγόμεναι
1231 2825 1383 2906 καθαραὶ

227 2932 232 2936 ’
316 2963 340 3026 ι)
358 2959 399 3012 cr.
418 2957 586 3026 naumgarur
603 2957 621 3010 r.
640 2957 658 3011 1.
677 2973 704 3025 p.
718 2959 776 3010 τοι.

315 3049 340 3111 2)
358 3043 471 3097 Maximi
489 3043 565 3097 Plan.
585 3042 733 3097 auotoritas
752 3043 807 3106 (W.
826 3043 852 3097 V
870 3047 930 3108 529)
950 3042 978 3095 in
996 3041 1045 3096 tuli
1063 3041 1220 3110 quaestione
1237 3044 1280 3096 est
1297 3042 1380 3098 nulle.
1484 3031 1485 3046 ³

314 3135 339 3195 3)
357 3128 440 3197 Apud
457 3128 652 3196 Hermogenem
669 3127 716 3196 Sp.
733 3127 760 3180 ll
778 3131 866 3192 3554
885 3127 939 3192 (W.
958 3127 1000 3181 ΙΙΙ
1019 3131 1079 3192 310)
1096 3141 1175 3182 voces
1194 3118 1382 3198 ιῖγωνιστικὸς

227 3225 255 3270 et
273 3209 380 3286 οἷφελὴς
398 3218 589 3282 opponuntur,
612 3213 659 3268 sed
677 3213 760 3267 etium
777 3213 846 3268 haee
864 3228 898 3268 ex
916 3213 1042 3268 Aristidis
1061 3213 1185 3268 doctriua
1201 3213 1380 3282 intellegendo
1484 3231 1485 3244 ν

228 3317 288 3357 esse
307 3307 411 3355 certum
429 3306 457 3353 et
474 3299 528 3352 iem
547 3299 682 3366 cognitum
700 3304 742 3353 est
759 3314 776 3353 a
794 3299 967 3368 Beumgartio
985 3299 1001 3351 l.
1021 3299 1038 3352 l.
1057 3314 1084 3366 p.
1098 3301 1156 3352 202.

315 3390 340 3450 4)
359 3385 405 3452 sp.
424 3384 451 3437 II
470 3387 528 3450 351,
542 3387 573 3437 27
592 3383 645 3448 (W.
663 3383 704 3438 III
724 3387 783 3446 305)
807 3384 913 3440 τῶνδὲ
936 3377 975 3448 ῶς
993 3381 1025 3438 ἐν
1048 3387 1084 3454 τῇ
1106 3378 1178 3452 ἄλλῃ
1199 3385 1380 3457 λογογραφίᾳ

227 3474 368 3543 καθαρῶν
386 3489 417 3526 τε
435 3472 484 3524 καὶ
502 3463 618 3539 οἷφελῶν
635 3455 755 3526 ἐννοιῶν
773 3462 827 3526 οὐκ
844 3464 1032 3540 ἐμνήσθημεν.

316 3561 341 3621 5)
360 3555 451 3609 Locus
475 3553 651 3610 dillieillimus
669 3559 697 3608 et
714 3555 833 3623 longior,
857 3569 937 3622 quum
959 3554 1006 3621 qui
1026 3553 1130 3620 integer
1153 3556 1288 3606 exaretur.
1323 3553 1381 3620 Ego

227 3642 297 3696 hunc
317 3641 478 3696 sententiam
496 3655 554 3699 non.
569 3638 702 3708 intellego,
721 3639 774 3694 nisi
792 3657 816 3695 v.
831 3645 862 3692 27
881 3640 928 3708 Sp.
947 3638 1001 3703 (W.
1020 3637 1061 3692 Ill
1079 3641 1140 3702 307,
1153 3641 1179 3702 2)
1197 3636 1286 3692 scribo
1304 3637 1381 3694 εἰδὲ

228 3723 321 3792 ἄλλως
339 3730 418 3795 (ques
435 3725 601 3794 respondent
618 3725 653 3778 ad
671 3725 753 3780 rerba
765 3725 792 3782 εἰ
802 3725 856 3795 μέν
868 3745 910 3790 τις
926 3715 1006 3796 ἦθος.
1042 3723 1141 3778 Verbis
1160 3720 1189 3778 ui
1207 3712 1284 3778 viltor
1302 3719 1383 3795 λεγό-

228 3833 311 3884 μεναι
328 3817 389 3870 κτλ.
406 3811 514 3866 omnino
533 3825 587 3865 noo
606 3815 660 3877 est,
682 3810 754 3877 quod
777 3815 946 3881 opponetur,
970 3809 1018 3865 sed
1036 3809 1098 3862 inde
1114 3807 1194 3861 fluxit
1210 3807 1283 3861 haud
1302 3807 1382 3864 dubie

227 3913 354 3970 perverse
369 3895 526 3962 rorulenti),
562 3897 593 3950 ln
607 3895 667 3950 eod.
681 3895 798 3951 Vindob.
817 3901 845 3950 18
863 3899 954 3950 exstet
971 3893 1002 3952 ai
1013 3890 1107 3960 ἄλλως
1119 3893 1156 3958 λλ,
1174 3893 1247 3962 quod
1264 3894 1382 3949 fortasse

229 3985 334 4050 suadet,
352 3987 383 4038 ut
401 3983 509 4038 omnino
527 3982 672 4050 genuinum
690 3987 830 4050 putemus:
850 3978 943 4046 ἄλλως
961 3981 1002 4045 δὲ,
1022 3979 1094 4048 quod
1112 3978 1241 4033 usitatius
1259 3993 1339 4048 quem
1357 3978 1383 4036 εἰ

228 4071 257 4128 δὲ
274 4067 375 4134 ἄλλως,
