3004 4886
189 420 194 463 ι

188 468 192 517 i

188 566 192 633 i

189 644 195 715 i

243 314 303 371 202
658 313 771 368 Carolus
789 311 994 368 Brandstaetter

243 485 314 570 dat;
343 506 426 570 quae
454 487 608 570 primaria
636 487 728 569 quasi
751 486 890 553 notionis
913 485 1088 552 πολιτικοῦ
1111 483 1210 570 λόγου
1233 487 1400 570 usurpatio

244 595 293 656 est
315 594 346 654 et
368 589 550 672 praevaluit
572 607 673 670 usque
696 587 738 653 ad
760 587 912 655 Aristidis
934 595 1084 654 aetatem.
1129 588 1227 673 Apud
1249 589 1400 672 Epicu-

191 758 195 783 :
242 711 324 756 rum
356 691 488 773 eiusque
510 691 652 756 asseclas
675 688 729 756 hic
750 710 826 756 usus
850 691 947 756 etiam
971 691 1087 758 clarius
1110 691 1315 776 observatur,
1342 692 1401 756 im·

243 793 356 877 primis
372 812 414 859 ex
436 793 579 858 instituto
602 789 798 868 πολιτικοῖς
821 790 937 876 λόγους
959 799 1125 876 opponunt
1147 804 1220 869 τοῖς
1243 814 1401 879 σοφιστι-

193 946 196 955 ,
244 905 324 973 κοῖς,
348 914 431 978 quae
454 895 615 977 oppositio
637 901 752 978 postea
766 915 940 978 numquam
959 895 1100 979 evanuit,
1123 916 1319 979 quamquam
1341 917 1401 979 pro

195 1028 200 1093 '.
243 1015 325 1063 voce
354 991 551 1082 σοφιστικὸς
579 997 769 1081 plerumque
797 995 953 1063 adhibitis
982 993 1204 1073 ἐπιῦεικτικὸς
1232 1004 1265 1064 et
1289 1020 1401 1083 παιη-

243 1095 374 1183 γυρικὸς
403 1099 557 1165 terminis.
601 1099 727 1166 Novam
757 1099 848 1164 vocis
870 1095 1043 1174 πολιτικὸς
1064 1099 1332 1184 significationem
1355 1101 1401 1164 in-

243 1202 390 1268 venimus
411 1201 498 1285 apnd
528 1201 834 1285 Hermagoram,
862 1201 918 1284 qui
940 1202 1010 1286 ipse
1033 1221 1161 1284 quoquc
1183 1202 1245 1268 hac
1268 1203 1301 1267 in
1324 1222 1402 1268 raa

245 1303 353 1370 stoicis
375 1303 509 1388 pendet:
534 1304 651 1369 etenim
675 1299 850 1368 πολιτικὸν
873 1302 906 1368 id
926 1309 1068 1386 vocatur,
1092 1304 1178 1387 quod
1201 1305 1235 1369 in
1257 1305 1400 1370 omnium

245 1405 333 1472 eadit
361 1406 567 1472 intellectum.
612 1405 674 1472 Hic
702 1426 777 1473 usus
805 1406 979 1490 praecipue
1007 1407 1039 1470 in
1062 1405 1302 1473 definitionibus
1328 1405 1400 1472 rhe-

245 1508 365 1574 toricae
388 1514 533 1574 servatus
557 1513 605 1573 est
627 1528 699 1574 cum
721 1508 762 1573 ab
785 1509 858 1574 aliis
880 1514 946 1573 tum
969 1527 990 1573 a
1012 1508 1212 1592 Dionysio
1234 1509 1401 1592 valuitque

210 1660 212 1668 ,
244 1628 346 1693 usqne
368 1608 410 1675 ad
434 1610 561 1694 ultima,
589 1610 705 1692 quibus
727 1608 887 1675 rhetorica
908 1608 1055 1676 technice
1077 1616 1213 1676 tractata
1235 1620 1298 1695 est,
1322 1618 1400 1676 tem-

246 1731 334 1796 pora.
379 1713 460 1778 Tum
480 1733 598 1780 novum
622 1711 714 1796 quasi
737 1711 967 1777 incrementum
990 1710 1043 1777 hic
1065 1713 1220 1778 terminus
1233 1712 1312 1778 fecit
1326 1733 1400 1779 auc·

245 1816 373 1882 toritatc
400 1814 616 1898 Aristidis,
646 1815 701 1898 qui
729 1809 903 1878 πολιτικὸν
931 1810 1028 1897 λόγου
1057 1814 1088 1878 in
1118 1815 1301 1880 universum
1331 1835 1398 1881 ora-

246 1919 360 1984 torium
380 1917 509 1985 dicendi
531 1937 634 2002 genus
649 1923 827 2000 nuncupat;
850 1935 914 1999 quo
937 1914 982 1998 fit,
1005 1923 1040 1981 ut
1061 1915 1137 1982 inde
1152 1918 1193 1982 ab
1209 1917 1278 1983 eius
1293 1924 1400 1984 aetate

245 2022 334 2088 notio
350 2021 526 2085 πολιτικοῦ
548 2017 646 2103 λόγου
662 2020 769 2086 omnia
790 2019 852 2083 tria
874 2037 993 2100 genera
1012 2017 1263 2102 comprehendat
1284 2026 1318 2085 et
1335 2039 1399 2085 vox

245 2119 419 2198 πολιτικός
451 2122 641 2206 simpliciter
669 2118 793 2206 ῥήτορα
822 2119 989 2202 significet.
1046 2121 1193 2204 Denique
1227 2123 1399 2204 singularis

249 2225 380 2309 qnidam
403 2245 479 2291 usus
501 2222 768 2289 animadvertitur
788 2223 822 2286 in
850 2221 1123 2305 Hermogenis
1153 2222 1194 2288 de
1216 2223 1301 2290 ideis
1324 2222 1399 2289 doc-

246 2329 346 2411 trina,
376 2328 432 2411 qui
454 2363 496 2373 -
519 2331 554 2390 ut
575 2323 609 2390 id
632 2323 735 2392 solnm
757 2343 922 2408 moneam,
952 2324 1039 2407 quod
1067 2344 1185 2391 novum
1208 2324 1336 2391 accedit
1358 2359 1398 2370 -

247 2429 322 2495 huic
345 2429 511 2495 doctrinae
533 2427 697 2492 notionem
720 2421 894 2501 πολιτικὸς
916 2428 962 2492 ita
983 2427 1141 2510 applicat,
1169 2433 1204 2494 nt
1226 2425 1400 2492 πολιτικὸν

246 2529 344 2616 λόγου
366 2538 462 2598 vocet
476 2537 638 2612 tamquam
664 2548 864 2595 communem
882 2530 1023 2612 speciem
1046 2530 1186 2595 omnium
1209 2550 1320 2596 earum
1342 2551 1400 2598 scu

228 2636 427 2727 ¹orationum
455 2651 513 2698 sen
543 2627 797 2714 συνταγμάτων,
829 2651 912 2715 quae
943 2633 1133 2714 qualitatum
1156 2633 1400 2699 constitutarum

246 2743 320 2804 sunt
350 2753 496 2820 capaces.
540 2732 681 2800 Posthac
710 2733 978 2817 significationum
1001 2735 1096 2817 copia
1117 2754 1181 2800 non
1210 2740 1259 2801 est
1287 2742 1399 2819 aucta;

247 2860 285 2906 eo
315 2858 392 2905 vero
420 2837 523 2920 magis
553 2837 662 2903 varius
690 2835 741 2902 his
770 2837 967 2919 temporibus
996 2837 1086 2902 vocis
1109 2833 1285 2912 πολιτικὸς
1313 2858 1400 2921 usus,
1481 2899 1482 2918 ,

246 2943 324 3027 quia
354 2961 464 3007 omnes
492 2941 560 3006 fere
591 2938 841 3022 significationes
870 2938 1029 3022 prioribus
1058 2936 1240 3005 rhetoribus
1262 2941 1401 3007 usitatae

246 3045 368 3129 passim
380 3047 550 3110 occurrunt
561 3060 667 3124 neque
678 3059 749 3105 raro
762 3040 875 3123 minus,
898 3059 995 3123 quam
1006 3040 1133 3124 probes,
1150 3040 1400 3124 distinguuntur.

332 3146 398 3211 Fit
425 3145 570 3228 igitur,
605 3140 711 3225 qnod
740 3141 846 3207 scitu
875 3161 952 3206 non
981 3141 1146 3208 videtur
1174 3141 1400 3228 indignum,

245 3257 286 3316 ut
315 3249 447 3315 variis
481 3243 740 3329 temporibus
768 3243 872 3326 apud
901 3244 1042 3309 varios
1069 3251 1258 3311 auctores
1287 3248 1401 3315 notio

246 3349 472 3415 πολιτικοῦ
496 3344 619 3430 λόγου
642 3344 967 3430 comprehendat
988 3352 1057 3410 aut
1079 3346 1401 3415 deliberativum

246 3473 390 3538 genus,
420 3456 490 3517 aut
512 3449 838 3516 deliberativum
862 3454 899 3514 et
921 3446 1139 3533 iudiciale,
1169 3455 1240 3516 aut
1267 3453 1402 3518 omnia
1480 3431 1481 3456 ¹

246 3557 328 3621 tria
350 3573 520 3638 genera,
542 3557 611 3616 aut
634 3557 672 3616 et
694 3549 795 3616 baec
817 3557 855 3616 et
880 3548 1198 3634 philosophicos
1227 3550 1401 3619 histori-

247 3675 397 3741 cosque
432 3659 635 3721 tractatus
672 3659 711 3719 et
747 3659 874 3718 totum
901 3653 1040 3735 poesis
1063 3673 1247 3736 campum.
1292 3655 1403 3740 Atque

248 3761 282 3826 in
309 3760 494 3826 universum
523 3757 599 3823 licet
628 3761 768 3822 statuere
796 3753 875 3819 fines
906 3773 1033 3838 semper
1059 3755 1293 3838 prolatasse
1317 3757 1402 3826 banc
1479 3825 1480 3834 ,

244 3864 418 3944 notionem,
441 3863 635 3926 minutam
659 3877 730 3925 esse
753 3877 924 3941 nunquam.

332 3963 438 4030 Unum
479 3961 615 4044 addam,
650 3959 736 4043 quod
770 3959 812 4025 ad
847 3965 946 4025 totam
979 3958 1159 4026 rhetoricae
1193 3959 1401 4042 disciplinam

246 4073 371 4152 spectat
393 4072 425 4132 et
446 4084 549 4148 paene
576 4066 646 4131 sine
668 4082 741 4129 mea
763 4081 863 4146 opera
885 4059 1133 4127 demonstratum
1157 4069 1221 4146 cst,
1250 4062 1401 4130 nimirum
