2990 4886
270 331 330 390 180
690 328 803 384 Carolus
821 327 1027 383 Brsudstaetler

261 511 310 572 est
324 525 345 569 a
360 503 624 585 Baumgartio
648 499 683 583 (l.
700 501 721 566 l.
737 521 767 584 p.
787 503 846 566 152
863 503 916 584 n.),
940 501 991 566 eui
1014 501 1076 583 ipsi
1099 507 1224 566 vertere
1246 501 1330 567 libet
1356 521 1435 585 po·

260 605 433 673 litisohe
455 604 564 671 Rode
586 639 628 650 -
650 623 831 688 perperam,
858 609 945 686 puto,
969 623 1042 668 nam
1066 623 1124 668 nos
1147 602 1277 685 quidem
1301 605 1433 670 artiore

261 728 356 775 sensu
369 708 574 774 hanovooem
586 705 787 787 adhibemus,
801 704 887 787 quod
899 705 1019 771 dietum
1027 705 1172 770 sitellam
1185 704 1226 770 de
1235 705 1259 771 O
1268 703 1334 770 hri
1344 707 1430 772 stio

261 809 401 886 (Grieoh.
419 807 606 892 Litlgesoh.²
622 829 653 892 p.
670 809 754 891 598),
779 809 832 890 qui
849 808 945 873 vertit
966 805 1166 890 politisoh
1183 815 1214 874 et
1229 806 1429 874 sohlieht.

260 913 536 980 Volkmannus
566 931 638 978 eum
667 911 747 978 dicit
768 909 887 989 (Rhet.²
914 931 946 994 p.
964 913 1053 985 553):
1079 904 1251 972 ‘Aristides
1279 909 1429 972 stellein

260 1016 526 1096 οοὶοοοοέχνοι
549 1011 775 1100 ῥητορικαὶ
792 1011 849 1074 den
866 1007 985 1095 λόγος
1001 1007 1224 1088 πολιτικὸς
1241 1015 1296 1091 (·--·
1313 1003 1427 1096 ἄγω-

261 1115 476 1202 oravisse),
506 1115 589 1180 (1.1.
619 1116 669 1177 die
702 1113 849 1177 bemussle
881 1112 1166 1197 Kunolmcissr'plreit
1196 1113 1426 1177 reduerr'selrer

260 1219 477 1302 Durslellurrp,
498 1220 555 1280 wie
569 1220 615 1280 sie
629 1238 687 1281 uus
701 1219 733 1280 iu
748 1217 896 1280 hdelzsler
918 1215 1108 1299 Volleuduup
1124 1215 1176 1278 bei
1188 1215 1426 1280 Demosthenes

261 1321 491 1404 eutpepentrrsttt
515 1319 584 1381 dem
607 1315 729 1401 λόγος
745 1309 904 1404 ἀφελὴς
926 1316 973 1379 uls
996 1317 1053 1379 der
1075 1317 1244 1380 bewusslerr
1262 1317 1423 1400 Einsuclz-

260 1423 324 1486 keil
337 1421 402 1484 ond
417 1421 563 1485 Naior'ldt
581 1419 765 1504 peponibus,
789 1419 836 1482 uls
859 1419 954 1482 deren
969 1419 1238 1503 Haupluerlreter
1252 1441 1290 1482 er
1312 1421 1423 1484 Xeno·

255 1525 343 1608 plzen
369 1515 568 1596 betruolrtet’,
597 1525 692 1590 nimis
722 1522 802 1589 mihi
831 1522 959 1589 videtur
988 1528 1021 1600 et
1049 1523 1149 1588 invito
1172 1523 1315 1590 Aristide
1346 1525 1421 1590 arli-
1475 1501 1476 1574 1

259 1627 396 1694 lioiit
340 1633 396 1693 not
398 1628 502 1693 ionem
519 1645 644 1710 urgere,
667 1626 813 1708 quamvis
828 1645 892 1691 non
907 1625 976 1690 sine
997 1631 1066 1690 arte
1089 1617 1105 1688 ὁ
1123 1621 1299 1700 πολιτικὸς
1323 1624 1421 1710 λόγος

262 1736 480 1813 componatur.
527 1727 675 1794 Ceterum
692 1726 866 1794 cohaerere
881 1725 1009 1792 videtur
1033 1725 1086 1792 hio
1101 1746 1189 1792 error
1205 1727 1266 1792 viri
1289 1727 1331 1793 de
1347 1729 1419 1794 rhe-

262 1833 383 1898 toricae
411 1831 546 1898 seientia
574 1831 693 1914 optime
716 1829 820 1895 meriti
844 1849 915 1895 oum
937 1829 1003 1894 ulio
1026 1828 1182 1912 quodam,
1214 1848 1310 1912 quem
1335 1851 1418 1897 eom·
1475 1793 1476 1878 1

261 1935 349 2001 misit
364 1935 397 1999 in
412 1933 493 2000 rhet.
511 1933 565 2000 Gr.
583 1940 615 1998 et
629 1932 734 1998 Rom.²
749 1952 780 2014 p.
798 1935 859 1996 565
871 1930 946 1996 edu.
955 1935 975 2006 ¹)
1019 1931 1068 1997 Ao
1088 1951 1129 1998 ne
1147 1933 1326 1998 Ernestii
1351 1935 1417 2016 qui·

261 2036 336 2102 dem
359 2037 466 2102 versio
489 2034 562 2119 (prf.
579 2035 642 2099 lex.
660 2032 764 2100 teohn.
781 2033 861 2099 rhet.
878 2032 932 2098 Gr.
949 2053 979 2116 p.
997 2033 1103 2110 XVII)
1123 2026 1203 2098 ‘tum
1225 2034 1418 2118 publieae

262 2147 329 2202 tum
351 2137 591 2203 umbratilis
615 2125 831 2218 eloquentiue'
858 2134 935 2200 setis
957 2132 1037 2198 mihi
1060 2135 1177 2217 plaoel.
1221 2135 1338 2201 Melius
1354 2137 1417 2200 ium

262 2239 387 2324 pridem
403 2239 676 2305 Norrmannus
698 2238 743 2314 (iu
759 2238 806 2302 tit.
826 2236 902 2303 edit.
925 2237 1024 2322 prino.
1042 2237 1120 2320 Ups.
1143 2258 1172 2302 a.
1192 2239 1285 2314 1687)
1305 2232 1416 2304 ‘diotio

262 2343 404 2410 uirilis
428 2362 466 2408 ae
495 2333 700 2423 simplex’.
745 2339 941 2422 Equidem
967 2373 1003 2383 -
1029 2340 1056 2405 si
1080 2341 1207 2405 omnino
1229 2360 1294 2406 nou
1317 2342 1416 2406 melu·
1475 2375 1476 2412 2

262 2463 332 2509 mus
361 2443 497 2509 retinere
528 2441 698 2507 terminum
728 2441 886 2507 Graecum
911 2475 948 2484 -
980 2460 1051 2506 oum
1081 2440 1298 2506 Dindorfio
1329 2441 1415 2519 (edit.
1475 2459 1476 2486 1

261 2545 393 2611 Aristid.
411 2552 432 2611 t.
448 2545 525 2627 le.
544 2543 667 2618 713let
687 2543 912 2626 Spengelio
937 2542 994 2618 (rh.
1012 2542 1066 2607 Gr.
1082 2543 1114 2607 11
1129 2543 1188 2626 prf
1205 2563 1235 2626 p.
1252 2543 1344 2619 XIX)
1357 2568 1415 2607 πο

263 2643 388 2712 λιτικὸν
421 2643 518 2730 λόγον
548 2647 699 2712 verterim
734 2645 956 2710 oratorium
986 2644 1115 2711 dicendi
1148 2645 1301 2728 genus2),
1331 2648 1476 2748 quod
1475 2663 1476 2694 1

261 2769 319 2816 uos
351 2739 634 2831 ‘reduerisohss
667 2739 776 2832 ἀφελῆ
810 2744 906 2830 λόγον
936 2767 1008 2814 eum
1041 2747 1187 2830 plurimis
1216 2749 1416 2815 consentiens
1475 2751 1476 2836 1

262 2853 438 2936 simplex
462 2872 563 2935 genus
578 2851 717 2932 dicendi,
740 2851 928 2916 nostratium
951 2851 1066 2932 lingua
1080 2841 1300 2933 ‘'sohlioht3
1323 2871 1415 2917 aene
1475 2867 1476 2942 ᾗ

262 2956 289 3020 is
313 2955 443 3037 quidem
466 2955 508 3019 ab
527 2953 677 3019 Aristidis
700 2973 796 3019 seusu
818 2953 1008 3018 alienust
966 2954 1016 3034 sit,
1041 2953 1096 3035 qui
1119 2952 1308 3036 simpliciter
1330 2953 1476 3018 dieat
1475 2981 1476 3036 p

262 3057 394 3122 oratio
420 3062 452 3121 et
474 3075 614 3121 sermo.
621 3057 643 3127 31

347 3242 371 3304 1)
390 3237 443 3293 Ubi
461 3237 542 3292 haec:
561 3231 647 3292 Abel·
664 3236 749 3292 selon
768 3237 849 3308 leupo
867 3253 916 3292 ver·
933 3235 1121 3307 Hermoperres
1138 3235 1187 3292 leat
1204 3237 1253 3292 der
1269 3239 1413 3294 Aasdruel‘

260 3319 369 3396 λόγος
387 3321 578 3388 πολιτικὸς
596 3320 672 3376 mcor
689 3322 756 3377 eder
773 3324 893 3392 meniper
911 3321 962 3378 den
974 3320 1045 3376 Sira
1063 3327 1139 3376 einer
1152 3316 1341 3379 ‘vollendetea'
1360 3324 1413 3380 Br-

260 3407 436 3473 redsamlcer't,
457 3409 508 3463 rvr'e
524 3409 564 3463 sie
581 3406 640 3461 dem
659 3407 837 3462 Slaatsmarn
856 3411 1008 3476 (perperam
1026 3408 1079 3462 heo
1097 3422 1162 3462 voce
1179 3408 1326 3475 abutitur),
1344 3409 1369 3464 d.
1387 3410 1412 3464 la.

260 3495 320 3550 dem
338 3492 497 3548 erraticum
516 3491 627 3548 Redrer
647 3509 696 3548 ror
715 3491 825 3548 Gerielrt
849 3491 907 3546 aud
923 3492 951 3546 r‘n
970 3492 1019 3546 der
1043 3492 1344 3566 Voltrversammluup‚
1366 3511 1412 3548 zu·

259 3578 372 3636 lomml'
391 3586 441 3634 ete.
477 3579 567 3632 Etiam
585 3578 702 3632 deterius
715 3579 743 3632 in
761 3579 848 3648 prima
866 3578 982 3632 editione
999 3583 1035 3646 (p.
1049 3582 1119 3644 llll:
1135 3572 1192 3633 ‘die
1209 3578 1348 3634 rvirlclr'clze
1360 3581 1411 3634 Be·

259 3664 424 3720 redsumlcer't
436 3665 464 3718 ia
477 3664 552 3718 ilrrer·
563 3662 731 3720 dlassisclrrrr
743 3663 837 3727 Form,
855 3664 891 3716 im
905 3660 1058 3732 deponsata
1071 3679 1123 3717 zur
1135 3661 1410 3720 Schulbmdsumlteit

259 3749 309 3804 der
326 3743 553 3804 Declamare-erl.
590 3749 675 3803 Doleo
694 3749 893 3803 Volkmsunum
911 3748 1034 3817 exempla
1052 3763 1107 3802 nou
1124 3748 1267 3804 addidisse.

346 3839 371 3900 2)
389 3835 461 3903 Apte
472 3834 538 3888 mihi
551 3833 642 3888 videor
654 3849 817 3902 provocasse
829 3834 864 3888 ad
877 3833 950 3888 Sext.
970 3849 1039 3902 emp.
1054 3851 1080 3903 p.
1095 3838 1153 3900 690,
1168 3839 1197 3890 11
1208 3834 1239 3888 B.
1259 3831 1371 3892 εὔνοιαν
1382 3837 1409 3893 δὲ

259 3918 375 3990 ἐμποιεῖ
386 3917 438 3991 οὐχ
452 3913 468 3976 ὃ
482 3910 644 3992 ῥητορικός,
662 3913 727 3978 ἀλλ’
742 3915 757 3976 ὃ
772 3914 879 3990 ἀφελὴς
890 3923 938 3975 καὶ
950 3919 1004 3976 τόν
1015 3918 1160 3976 ἰδιωτικὸν
1174 3914 1305 3989 &pulver
1317 3919 1408 3978 τύπον.

347 4011 372 4072 3)
391 4005 431 4060 cl.
452 4005 506 4059 Cio.
526 4020 566 4060 or.
589 4008 627 4070 19,
642 4008 757 4073 62-043
776 4005 809 4060 da
824 4005 868 4060 off.
887 4005 914 4058 Il
935 4009 974 4070 14,
987 4009 1032 4073 48;
1052 4005 1129 4061 Brut.
1148 4009 1268 4074 84.291;
1286 4021 1320 4061 ex
1337 4014 1409 4076 parte

261 4092 314 4146 lrue
332 4091 398 4146 facit
415 4094 488 4146 auct.
508 4089 543 4144 ad
561 4090 660 4146 Hereu.
681 4091 835 4158 11113,23;
854 4091 918 4146 dial.
937 4091 970 4145 de
988 4098 1056 4146 orat.
1076 4107 1099 4145 o.
1120 4093 1143 4144 6.
