3004 4886
267 291 309 344 De
326 290 465 345 notionum
483 288 631 356 πολιτικὸς
648 298 675 346 et
693 287 831 362 σοφιστὴς
848 307 900 346 usu
917 293 1060 347 rhetorico.
1177 294 1237 350 209

87 469 189 528 tutum
212 463 376 546 pertinens
399 465 526 530 silentio
548 470 727 548 praetereo.
771 463 873 531 Nobis
897 466 980 530 enim
1004 466 1155 549 perlectis
1170 464 1238 531 dia·

89 565 172 647 logis
195 564 341 649 sophista
364 574 396 631 et
416 566 562 650 politico,
585 564 744 648 Phaedro,
761 565 892 649 Gorgia,
915 567 1101 652 Protagora,
1117 566 1239 651 Euthy-

89 665 198 746 demo,
222 664 370 750 Oratylo,
394 666 575 732 Menexeuo
593 669 612 741 ¹)
637 666 715 732 satIs
738 673 787 732 est
811 666 953 750 profiteri
975 665 1103 734 Platoni
1125 686 1240 734 rocem

91 764 256 854 σοφιστὴς
284 788 477 851 nusquam
508 767 689 834 technicam
719 774 751 834 et
779 769 872 850 quasi
900 770 1073 852 specialem
1097 770 1239 854 appella-

89 871 209 936 tionem
238 890 309 936 esse
338 873 431 936 sive
460 870 779 954 epidictioorum
808 876 1012 936 oratorum
1040 873 1126 937 sive
1150 871 1240 936 rhe-

89 974 248 1039 toricae
278 979 604 1056 praeceptorum.
648 972 750 1036 Immo
781 991 852 1037 eam
881 973 1022 1056 specIem
1045 973 1241 1056 sophisticae

89 1075 315 1158 professionis,
349 1095 414 1158 qua
435 1075 552 1158 partim
576 1074 786 1141 ostentandae
807 1075 925 1157 partim
949 1074 1113 1141 docendae
1136 1074 1240 1142 rheto-

89 1179 175 1244 ricae
206 1178 351 1261 student,
385 1177 484 1242 multo
513 1179 615 1243 rarius
643 1196 737 1260 quam
762 1182 885 1259 cetera,
920 1196 1003 1259 quac
1025 1176 1240 1260 sophistarum

89 1287 161 1345 sunt
189 1280 337 1362 propria,
372 1285 609 1345 commemorat.
661 1277 742 1342 Sunt
770 1299 864 1364 vero,
900 1298 983 1361 quae
1011 1286 1144 1362 tangere
1177 1301 1241 1344 non

89 1383 146 1448 abs
161 1402 198 1448 rc
214 1389 279 1466 est,
303 1382 394 1463 quia,
417 1381 445 1446 si
468 1380 572 1446 obiter
594 1385 793 1464 spectantur,
823 1388 933 1448 contra
955 1389 1094 1448 nostram
1117 1388 1241 1448 senten-

90 1486 167 1550 tiam
184 1484 336 1549 videntur
357 1484 474 1549 facere.
513 1481 699 1548 Cavendum
714 1483 813 1564 igitur
836 1490 893 1566 est,
916 1504 957 1548 ne
979 1485 1148 1549 abutamur
1162 1486 1241 1551 Iocis

90 1587 234 1653 Platonis
244 1588 268 1663 ²)
291 1587 380 1651 velut
403 1584 465 1650 hoc
493 1585 667 1667 (Protag.
683 1604 714 1667 p.
729 1587 790 1651 312
808 1585 865 1663 DJ:
887 1589 922 1649 τί
944 1573 984 1650 ὃν
1007 1584 1162 1668 εἴποιμεν
1183 1584 1242 1651 τὸν

91 1685 257 1773 σοφιστὴν
279 1681 375 1760 εἶναι,
399 1669 425 1748 ὦ
448 1680 670 1771 Σώκρατες,ἢ
692 1682 876 1772 ἐπιστάτην
891 1688 950 1750 τοῦ
967 1689 1110 1772 ποιῆσαι
1133 1685 1243 1753 δεινὸν

91 1790 214 1873 lipom
247 1789 308 1856 hoc
331 1790 416 1856 enirn
441 1789 573 1853 minime
596 1795 721 1872 spectat
745 1789 787 1854 ad
810 1787 1047 1855 rhetoricae
1070 1791 1171 1856 solam
1194 1791 1242 1856 di-

90 1893 310 1975 scipIInam³r‚
334 1890 391 1957 sed
415 1889 502 1973 quod
525 1889 578 1956 hic
600 1891 715 1958 dicitur
737 1889 858 1973 λέγειν,
882 1910 986 1974 paene
1008 1890 1089 1956 nihil
1112 1897 1160 1958 est
1180 1895 1243 1959 nIsi

90 1996 217 2077 signum
240 1994 332 2076 quasi
355 1999 387 2058 et
409 1992 637 2058 documentum
658 1993 717 2056 τοῦ
736 1990 981 2071 arsamosata
1010 1993 1109 2077 (quod
1138 1995 1243 2078 ipsum

91 2097 200 2162 statim
226 2095 371 2178 sequitur
392 2116 424 2178 p.
443 2095 699 2177 strictaeque
721 2097 821 2161 multo
837 2095 928 2162 aliud
949 2095 1029 2162 dicit
1049 2103 1162 2179 atque:
1184 2099 1245 2161 τοῦ

91 2199 235 2284 ποιῆσαι
252 2194 456 2282 φαινόμενον
472 2191 685 2260 ἐπίστασθαι
703 2194 815 2262 πάντα
837 2198 890 2274 (cf.
907 2197 998 2282 soph.
1015 2219 1047 2282 p.
1063 2201 1124 2264 233
1140 2200 1178 2264 Α.
1196 2199 1244 2277 Ο).

90 2300 249 2366 -Porro
272 2301 305 2364 in
321 2299 477 2382 Gorgia
497 2301 541 2382 (p.
560 2301 621 2362 520
633 2299 674 2376 A)
696 2298 778 2366 haec
800 2301 951 2382 legimus:
975 2292 1106 2380 ταύτὸν,
1129 2285 1157 2363 ὦ
1179 2326 1244 2384 μα-

92 2436 285 2447 0——

90 2538 179 2590 φηνας
193 2512 368 2581 παιδεύσεως
379 2519 426 2571 καὶ
440 2509 544 2588 α’ρετῆς
560 2513 739 2584 διδάσκαλον,
757 2521 875 2590 πρῶτος
887 2514 991 2574 τούτου
1001 2515 1110 2586 μισθὸν
1121 2512 1245 2586 ἀξιώσας

90 2600 242 2674 ἄρνυσθαι.
279 2600 376 2656 Omnia
393 2601 463 2654 enim
480 2600 546 2665 lere,
565 2615 633 2669 quae
651 2603 833 2670 sophistarum
848 2603 959 2671 propria
971 2608 1042 2668 sunt,
1061 2603 1103 2656 his
1122 2619 1245 2674 compre·

90 2688 256 2744 handuntur.
291 2684 370 2738 Iurat
388 2685 468 2738 etiam
486 2684 666 2740 Themistii
687 2703 777 2756 pauca
794 2687 877 2741 verba
894 2701 1040 2754 apponere,
1058 2688 1104 2756 qui
1122 2688 1244 2744 Platonis

91 2773 123 2826 da
139 2771 274 2840 sophistis
292 2769 444 2838 opinionem
466 2770 602 2823 relaturus
618 2771 687 2824 haec
705 2771 771 2824 dicit
793 2775 841 2834 (or.
859 2771 953 2826 XXIII
971 2789 997 2840 p.
1015 2775 1074 2837 350,
1087 2776 1119 2825 22
1139 2773 1244 2838 Dindlz

91 2852 123 2912 τὸ
141 2852 200 2928 γὰρ
218 2852 269 2925 ἐφ’
290 2845 349 2928 ὅτῳ
367 2849 399 2924 δὴ
418 2850 540 2924 σχήματι
558 2856 688 2920 παιδείας
711 2849 917 2928 ἀργυρολογεῖν
934 2850 1013 2928 παρὰ
1032 2859 1091 2911 ταῖν
1108 2857 1181 2912 νέων
1197 2862 1246 2913 καὶ

91 2943 246 3005 πλουσίων,
264 2933 347 2996 τοῦτ’
365 2934 440 2995 εἶναί
451 2959 517 3010 φησι
532 2936 719 3011 σοφιστήν,
737 2947 764 2994 et
775 2941 839 2995 ibid.
852 2958 878 3010 p.
892 2945 951 3007 351,
965 2946 993 2996 2:
1012 2934 1073 2999 ἄλλ’
1086 2931 1160 3015 ὅπερ
1172 2942 1245 3014 λέγω

91 3021 124 3081 τὸ
142 3026 197 3095 μὲν
215 3017 265 3096 ἐφ’
285 3016 344 3100 ὅτῳ
361 3019 394 3095 δὴ
410 3021 559 3095 μαθήματι
577 3020 635 3080 εἴτε
653 3023 866 3101 σπονδαιοτέρῳ
884 3023 941 3084 εἴτε
959 3028 1127 3103 φαυλοτέραν
1144 3033 1246 3098 μισθο-

92 3119 194 3182 φορεῖν
211 3104 292 3181 παρὰ
311 3112 369 3165 τῶν
387 3108 460 3165 νέων
477 3106 691 3179 σοφιστικὸν
711 3115 874 3180 νομιοῦμεν.

178 3201 202 3258 lt
224 3195 265 3249 De
282 3195 378 3249 ceterIs
391 3193 512 3248 Platonis
530 3194 608 3248 libris
620 3193 716 3248 Astii
734 3210 777 3248 me
795 3195 913 3250 commisi
930 3196 1018 3251 lexico
1036 3197 1097 3264 fide,
1116 3204 1246 3267 quantum

92 3281 118 3334 in
136 3281 190 3336 hac
208 3295 239 3334 re
257 3280 321 3334 mihi
338 3279 492 3334 examinare
510 3277 595 3342 licuit,
614 3279 702 3345 digno.

178 3371 204 3433 2)
222 3366 321 3420 Plato
340 3366 432 3433 soph.
456 3379 482 3431 p.
497 3362 580 3416 216D
600 3367 628 3416 ct
645 3363 740 3431 Gorg.
763 3380 790 3432 p.
804 3363 883 3416 5190
902 3365 1030 3433 disiungit
1053 3363 1203 3424 πολιτικὸν
1221 3377 1247 3423 et

93 3444 242 3521 σοφιστὴν,
260 3464 340 3518 quam
352 3448 459 3518 quidem
477 3447 684 3502 dIsIunctionem
704 3462 817 3511 cumea,
836 3462 915 3515 quam
928 3448 1002 3516 apud
1014 3449 1246 3506 Philodamum

93 3535 297 3589 usItatissimam
314 3533 486 3600 inveniemus,
505 3532 572 3586 nihil
589 3533 689 3588 habere
707 3547 846 3586 commuue
864 3533 925 3586 luce
943 3534 1041 3588 clarius
1060 3541 1109 3588 est.

177 3624 203 3686 3)
223 3619 258 3672 ct.
272 3618 302 3672 0.
316 3618 362 3672 Fr.
376 3617 512 3671 Hermann
530 3617 548 3670 l.
562 3617 579 3670 l.
593 3617 607 3670 I
624 3635 652 3686 p.
666 3622 715 3672 318
727 3618 790 3672 adn.
804 3621 862 3672 255.
881 3647 914 3656 —
932 3617 1048 3672 Prorsus
1066 3617 1184 3671 eiusdem
1202 3633 1247 3685 ge-

93 3705 163 3760 neris
177 3710 221 3758 est
232 3704 310 3757 locus
321 3702 558 3770 Xenophontis
572 3717 649 3757 mem.
663 3703 738 3758 Socr.
751 3703 763 3756 I
777 3709 800 3767 2,
814 3707 860 3758 31:
881 3704 998 3774 Κριτίας
1017 3741 1065 3756 ...
1083 3699 1115 3757 ἐν
1127 3710 1189 3766 τοῖς
1202 3699 1248 3757 νό·

93 3808 157 3855 μοις
174 3784 286 3860 ἔγραψε
304 3783 400 3858 λόγων
422 3786 523 3858 τέχνην
539 3783 578 3856 μὴ
596 3782 737 3844 drucionem
761 3787 909 3852 (Socratem
932 3787 1102 3856 respiciens),
1124 3785 1172 3840 ubi
1195 3787 1247 3842 vid.

95 3872 295 3928 BreitanbaclriI
313 3871 522 3926 adnotationem.

177 3962 206 4024 4)
222 3957 259 4012 cf.
271 3956 301 4011 Ο.
315 3956 360 4010 Fr.
371 3956 505 4009 Hermann
519 3954 536 4008 l.
550 3955 566 4008 l.
580 3955 594 4008 I
606 3972 633 4024 p.
647 3960 710 4010 215:
723 3955 818 4010 riurein
831 3962 915 4010 setzte
926 3971 990 4009 man
1002 3955 1066 4010 eheu
1078 3955 1122 4012 dle
1133 3956 1250 4027 ροὶιιίρα

95 4039 194 4098 serrae
210 4041 270 4096 uad
288 4039 393 4096 Gemuit
410 4041 476 4096 uter
493 4039 545 4092 deo
564 4039 648 4110 Stoff.

146 4135 260 4192 Lclpzlgcr
273 4135 373 4178 Studien.
388 4133 440 4176 XV.
1066 4130 1096 4179 tl
