2990 4886
313 316 353 370 De
370 315 511 372 notionum
529 313 676 381 πολιτικὸς
694 321 722 370 et
739 312 876 388 σοφιστὴς
893 331 945 371 usu
963 316 1105 372 rhetorico.
1224 317 1283 374 139

130 490 297 573 proprium
321 508 391 556 csso
422 490 551 574 opinor;
583 487 685 571 qnod,
715 508 777 571 quo
806 489 874 554 iure
897 489 1017 568 dicam,
1048 490 1144 556 etiam
1169 491 1284 558 clarius

130 591 359 676 perspicietur,
383 591 409 656 si
434 610 475 657 ex
497 591 633 656 aliorum
656 591 845 675 scriptorum
869 627 909 636 -
933 591 1078 657 omnibus
1102 591 1185 656 enim
1207 597 1284 656 tem·

131 693 264 776 poribus
287 692 340 759 hic
363 691 492 758 dicendi
515 712 590 759 usus
614 693 779 758 valuit-
803 693 959 758 similibus
985 693 1066 758 locis
1088 693 1284 775 apparuerit,

133 795 184 860 his
202 795 413 880 popularibus
436 793 515 869 (Cic.
533 793 585 860 Or.
605 799 654 876 19,
671 797 723 871 64)
746 795 913 861 vocabulis
929 795 1111 860 conminus
1127 793 1286 860 interdum

132 897 253 980 opponi
276 897 436 962 vocabula
457 897 553 961 nimis
576 897 658 961 trita.
667 898 687 974 ¹)

217 998 334 1090 Plato
357 1000 458 1064 multo
482 999 599 1065 clarius
623 1018 717 1081 quam
740 998 897 1064 Isocrates
919 1033 960 1043 -
984 998 1082 1080 idque
1108 999 1171 1063 iam
1198 1003 1285 1063 ante·
1316 1018 1359 1032 *²

132 1089 402 1182 quam'lsocrates
419 1102 548 1167 omnino
571 1101 613 1166 ad
630 1100 758 1167 scholas
778 1100 942 1167 habendas
958 1100 1128 1167 accederet
1151 1133 1191 1146 -
1214 1119 1286 1183 per·

132 1203 241 1286 spexit
255 1209 369 1269 natura
384 1203 622 1286 quodammodo
645 1204 688 1268 ad
703 1223 800 1268 unum
822 1223 922 1286 genus
945 1204 1104 1287 pertinere
1127 1203 1285 1269 orationes

133 1305 331 1371 contionalcs
355 1312 387 1370 et
409 1306 594 1387 iudiciales,
625 1326 817 1389 quamquam
845 1305 1038 1372 rhetoricam
1061 1308 1165 1388 ipsam
1189 1306 1286 1371 ctiam

132 1408 166 1471 in
188 1407 324 1490 privatis
347 1409 493 1490 collegiis
516 1409 621 1474 locum
649 1407 768 1474 habere
798 1407 977 1491 profitetur,
1009 1410 1099 1476 ouius
1127 1409 1175 1474 rei
1198 1409 1285 1474 testi·

131 1509 273 1574 monium
292 1515 398 1574 exstat
420 1510 451 1573 in
469 1508 653 1576 Phaedro
676 1531 707 1594 p.
725 1514 783 1574 261
803 1512 831 1574 A
848 1511 899 1586 (cf.
918 1509 1025 1588 Quint.
1042 1511 1113 1575 inst.
1130 1510 1161 1574 ll
1178 1513 1228 1594 21,
1244 1512 1285 1588 4).

131 1611 182 1675 lbi
206 1611 291 1676 euim
314 1610 463 1678 Socrates
487 1612 580 1679 dicit:
612 1597 666 1697 ἆρ’
694 1596 751 1676 οὖν
774 1603 811 1676 οὗ
839 1609 876 1676 τὸ
905 1611 964 1693 μὲν
988 1603 1065 1676 ὅλον
1088 1608 1107 1698 ἡ
1132 1608 1285 1698 ῥητορικὴ

133 1699 173 1775 ιλν
198 1710 247 1798 ε’ίη
264 1715 357 1794 τέχνη
377 1719 575 1797 ψυχαγωγία
597 1736 649 1789 τις
672 1711 728 1778 διὰ
752 1711 865 1798 λόγων,
891 1705 928 1778 οὗ
951 1711 1053 1794 μόνον
1076 1711 1109 1778 έν
1133 1713 1286 1799 δικαστη-

133 1818 221 1900 ρίοις
242 1816 299 1880 καὶ
322 1806 398 1881 δ’σοι
422 1811 519 1880 ἄλλοι
543 1814 700 1901 δημόσιοι
723 1808 894 1900 σύλλογοι,
926 1807 1011 1880 ἀλλὰ
1040 1817 1094 1880 καὶ
1119 1813 1152 1880 έν
1175 1814 1285 1894 ἰδίοις,

132 1919 174 1984 ad
192 1938 275 2001 quac
290 1918 456 1986 Phaedrus
472 1920 612 1986 maxime
628 1921 724 1986 statui
740 1918 907 1986 technicac
921 1919 1129 1999 tractationis,
1150 1919 1285 2002 quitum

133 2027 218 2102 erat,
250 2021 506 2087 accommodate:
537 2013 574 2085 οὗ
604 2018 651 2103 μὰ
679 2019 738 2086 τὸν
760 2024 829 2085 Δία
860 2013 897 2086 οὗ
926 2018 1146 2086 παντάπασιν
1170 2011 1285 2101 οὕτως,

134 2115 220 2185 ἀλλὰ
247 2119 394 2203 μάλιστα
422 2125 482 2204 μέν
511 2146 586 2198 ιιιος
614 2124 692 2209 περὶ
715 2120 776 2200 νὰς
804 2123 897 2200 δίκας
920 2123 1051 2207 λέγεταί
1071 2147 1108 2188 τε
1129 2125 1185 2190 καὶ
1207 2122 1287 2208 γρά-

134 2246 236 2310 φεται
257 2227 368 2310 τέχνῃ,
399 2225 529 2309 λέγεται
558 2224 594 2291 δὲ
621 2227 778 2310 καὶπερὶ
803 2225 1021 2314 δημηγορίας·
1045 2224 1102 2290 ἐπὶ
1126 2227 1228 2290 πλέον
1251 2225 1287 2291 δὲ

134 2318 193 2391 οὐκ
209 2318 351 2412 &chaom
373 2335 446 2395 sunt
460 2329 604 2412 profecto
622 2328 657 2394 αἱ
681 2327 889 2416 δημηγορίαι,
917 2350 999 2414 quae
1023 2326 1056 2393 έν
1078 2341 1150 2403 τοῖς
1173 2322 1288 2404 ἄλλοις

136 2427 311 2517 δημοσίοις
337 2427 512 2515 συλλόγοις
534 2432 640 2498 locum
664 2431 793 2498 habent.
838 2433 928 2498 Haec
958 2433 1055 2496 ctiam
1079 2431 1192 2496 melius
1215 2449 1286 2514 per-

136 2534 322 2617 spioiuntur,
346 2535 373 2601 si
396 2535 640 2618 apposuerimus
663 2535 837 2600 notabilem
861 2536 966 2600 locum
982 2532 1154 2617 Sophistao
1176 2553 1207 2616 p.
1225 2535 1287 2596 222

136 2635 208 2702 OD:
238 2633 298 2722 τὴν
327 2635 364 2700 δέ
391 2633 427 2720 γέ
451 2633 619 2720 δικανικὴν
640 2637 694 2700 καὶ
725 2633 943 2723 δημηγορικήν
965 2637 1020 2699 καὶ
1043 2634 1287 2722 προσομιλητι-

135 2731 204 2822 κη’ν,
228 2739 262 2802 ἓν
279 2722 320 2802 αδ
335 2735 372 2804 τὸ
391 2736 535 2815 ξύνολον,
559 2737 824 2826 πιθανουργικήν
842 2763 917 2804 τινα
939 2742 1019 2820 μίαν
1042 2741 1157 2824 τέχνην
1179 2758 1287 2822 προσ-

136 2838 290 2916 ειπόντες
319 2887 326 2902 .
357 2888 364 2903 .
389 2891 396 2906 .
421 2889 428 2902 .
457 2843 516 2927 τῆς
546 2838 584 2926 δὴ
617 2843 880 2927 πιθανονργικῆς
911 2838 1006 2906 διττὰ
1036 2841 1181 2924 λέγωμεν
1209 2845 1285 2926 γένη

136 2991 146 3010 .
170 2994 188 3023 .,
211 2941 250 3013 τδ
274 2942 334 3026 μὲν
357 2941 467 3026 ἕτερον
491 2941 577 3030 ἰδίη,
607 2941 644 3009 τὸ
670 2943 706 3008 δὲ
730 2943 874 3030 δημοσίᾳ
895 2941 1087 3028 γιγνόμενον
1109 2941 1160 3021 (cf.
1177 2945 1241 3028 pol.
1257 2944 1289 3008 II

136 3067 168 3130 p.
193 3049 255 3112 365
279 3047 308 3112 D
338 3051 444 3130 σοφία
474 3043 674 3133 δημηγορικὴ
702 3047 758 3111 καὶ
787 3044 971 3133 δικανική).’
1006 3045 1106 3113 Vides
1138 3045 1221 3112 effici
1250 3042 1287 3110 ιδ

138 3147 284 3236 δημοσίᾳ
305 3147 497 3233 γιγνόμενον
519 3152 612 3232 γένος
635 3150 699 3216 illis
730 3149 853 3215 duabus
876 3149 1060 3232 speciebus,
1091 3148 1235 3214 iudiciali
1259 3154 1290 3214 ct

137 3253 321 3336 contionali,
345 3252 401 3318 ubi
416 3252 632 3335 antepositum
647 3250 799 3317 iudiciale
814 3270 914 3334 genus
934 3252 1038 3317 notari
1053 3251 1161 3316 velim.
1199 3250 1289 3316 Haec

137 3354 201 3422 duo
225 3373 345 3438 genera
367 3354 455 3438 apud
477 3355 649 3436 plerosquo
678 3351 821 3418 rhetores
849 3353 1036 3436 posterioris
1059 3352 1211 3434 temporis
1233 3371 1287 3416 no·

137 3458 222 3524 mine
242 3450 412 3540 ”πολινικὴ
437 3447 605 3542 ῥητορική’
631 3455 701 3523 sive
720 3447 904 3520 ‘coassumi
927 3444 1030 3538 lo'yot'
1057 3453 1290 3538 comprehensa

139 3579 210 3627 csse
233 3559 449 3643 inveniemus,
479 3559 646 3624 Platonem
675 3559 877 3624 statuendum
908 3564 956 3624 cst
982 3557 1124 3623 nondum
1154 3555 1204 3622 his
1227 3563 1288 3622 tar·

139 3662 234 3726 minis
257 3681 349 3728 usum
372 3681 443 3727 esse
458 3697 500 3706 -
515 3667 550 3726 ut
565 3667 763 3726 transcamus
786 3659 940 3726 hocloco
964 3661 1106 3743 privatas
1130 3658 1288 3724 orationes

139 3763 319 3830 rhetoricae
341 3763 567 3830 adnumeratas
591 3769 622 3829 et
648 3763 777 3828 omnino
806 3782 861 3829 seu
884 3763 1097 3846 improbatum
1121 3780 1177 3828 scu
1200 3761 1288 3842 igno-

138 3875 243 3934 ratum
265 3866 469 3952 epidictioum
496 3884 612 3948 genus,
643 3865 677 3931 id
700 3867 862 3932 monuisse
891 3865 1045 3948 contenti,
1073 3885 1137 3948 qua
1164 3863 1288 3929 rationo

228 4088 252 4151 1)
270 4082 352 4138 Plura
370 4083 404 4138 dc
421 4085 473 4139 hoc
491 4099 542 4140 usu
560 4101 583 4140 v.
597 4083 667 4138 infra
685 4100 711 4153 p.
728 4089 774 4138 175
789 4100 828 4152 sq.
