2990 4886
296 313 337 366 De
355 313 494 368 notionum
511 308 659 378 πολιτικὸς
677 317 704 368 et
723 305 859 384 σοφιστὴς
877 328 927 366 usu
945 311 1089 367 rhetorico.
1209 314 1269 370 159

114 483 267 550 ἐναντίαν
288 487 331 570 τῇ
351 487 418 548 τῶν
441 485 633 564 πολιτικῶν
657 483 715 549 τὸν
739 484 774 549 δὲ
797 485 969 566 πσλιτεοοι
972 481 1102 549 ιένινν’
1089 484 1271 573 επιστατή-

115 609 218 653 σσντα
233 585 410 689 πολιτικὴν
404 585 496 652 δεῖν
514 588 569 651 καὶ
594 587 645 669 ὅτι
623 584 812 674 ,μηγορικὴν
834 585 1082 668 κατακεχύσθαι
1105 585 1192 664 λέξιν
1214 590 1271 653 καὶ
1360 623 1389 642 κ

84 772 89 780 .
112 688 157 778 μὴ
173 689 234 777 τὴν
239 681 454 776 επιὸίφριον
473 691 526 754 καὶ
550 695 777 774 καταψιθυίρ
750 684 940 756 ίζουσαν
906 714 964 754 τον
981 683 1094 774 λόγον.
1139 693 1268 757 Intelle-

112 795 216 877 gimus
245 795 291 859 ita
312 813 427 859 vocem
451 790 627 868 πολιτικὸς
648 814 669 859 a
690 793 885 879 philosopho
907 793 1084 876 adhiberi,
1103 801 1138 860 ut
1166 795 1251 860 de''
1230 815 1270 862 ns

112 897 191 962 solis
215 895 413 962 orationibus
436 897 554 978 valeat,
581 915 662 978 quae
685 915 798 962 revera
820 897 859 960 in
881 897 1065 980 publicis
1087 898 1271 980 negotiis

111 1006 144 1064 et
173 999 206 1064 in
235 999 370 1081 pulvere
398 1019 438 1064 ac
465 999 599 1081 strepitu
626 1017 792 1064 causarum
822 997 995 1081 habentur,
1028 1019 1092 1065 non
1122 1020 1205 1082 quae
1227 1001 1269 1065 ad

111 1120 214 1183 genus
236 1101 523 1166 demonstrativum
546 1101 741 1183 pertinentes
764 1100 816 1165 rel
840 1102 1014 1166 recitantur
1035 1102 1089 1168 vel
1112 1103 1270 1193 leguntur.

111 1203 260 1272 Ceterum
285 1203 335 1284 ef.,
360 1222 443 1286 quae
467 1201 609 1268 dicemus
633 1201 673 1268 de
697 1202 847 1286 Dionysii
871 1205 942 1270 loco
965 1205 1048 1268 intra
1070 1224 1101 1286 p.
1120 1206 1189 1268 168.

198 1305 364 1389 Polybii
393 1305 474 1370 haee
497 1306 595 1370 verba
621 1304 754 1370 afferam
784 1306 850 1378 (lib.
868 1306 968 1391 V·33‚
993 1309 1038 1384 5):
1064 1297 1152 1369 'sill'
1186 1303 1269 1371 ἔνιοι

109 1409 178 1471 τῶν
202 1407 541 1490 πραγματευομένων,
572 1399 646 1471 ‹ri-<tt
671 1399 720 1492 ἐφ’
747 1397 827 1472 ὅσον
850 1407 883 1471 οἱ
904 1405 947 1472 τὰ
968 1405 1053 1472 κατὰ
1075 1405 1211 1496 καιροὺς
1234 1407 1267 1473 ἒν

109 1520 186 1584 ταῖς
206 1513 467 1594 χρονογραφίαις
488 1503 837 1594 ὑπομνηματιζόμενοι
867 1511 1100 1586 πολιτικῶς
1126 1508 1174 1586 εἷς
1192 1508 1270 1587 τοὺς

109 1615 242 1691 τοίχους
265 1603 336 1675 oisl'
357 1607 416 1676 ἐπὶ
435 1613 595 1675 τοσοῦτον
617 1613 833 1697 μνησθέντες,
857 1610 971 1688 πάσας
994 1614 1078 1698 φασὶ
1101 1609 1162 1688 τιίς
1184 1610 1268 1677 κατὰ

109 1711 171 1799 τὴν
183 1709 322 1780 Ἑλλάδα
337 1716 392 1779 καὶ
410 1707 586 1799 Βόρβορον
606 1714 862 1801 περιειληφέναι
885 1713 1034 1799 πράξεις,
1058 1718 1112 1781 ubi
1136 1717 1271 1781 πολιτι-

109 1818 177 1892 κῶς
199 1817 371 1900 signifieat:
398 1811 644 1900 ‘simplicem
670 1818 711 1882 in
735 1818 907 1900 modum,
937 1820 1109 1884 solarum
1138 1839 1270 1884 rerum

109 1921 361 1986 notandarnm
378 1919 517 1985 habita
532 1939 643 2002 cura,
659 1921 772 1984 nulla
786 1911 886 1985 arte'
907 1921 957 1995 (ol.
971 1919 1037 1986 Cic.
1051 1923 1158 2004 orde,
1172 1925 1263 2005 130);

109 2028 144 2091 in
160 2024 344 2089 universum
360 2023 457 2104 igitur
472 2041 542 2088 oum
558 2021 691 2088 Reiskio
708 2023 882 2106 consentio,
906 2023 995 2088 euius
1019 2023 1119 2088 verba
1142 2029 1269 2090 exstant

109 2127 144 2190 in
160 2123 463 2207 Schweighaeuseri
474 2125 581 2189 adnot.
593 2125 635 2190 ad
648 2122 679 2188 h.
695 2125 716 2189 l.
730 2125 805 2197 (vol.
822 2125 866 2188 Vl
881 2145 913 2208 p.
932 2125 1014 2202 185).
1043 2125 1116 2190 Non
1128 2126 1269 2192 alienum

110 2225 192 2291 mihi
210 2227 338 2293 videtur
360 2227 534 2292 admonere
556 2227 709 2292 lectorem
732 2227 795 2292 loci
818 2227 904 2293 illius
927 2228 1005 2292 artis
1027 2227 1174 2311 poeticae
1197 2230 1268 2294 Ari-

110 2330 283 2408 stoteleae‚
314 2328 355 2394 de
385 2349 448 2411 quo
477 2329 578 2394 fusius
601 2328 773 2394 dicendum
799 2327 859 2394 fuit
880 2349 912 2412 p.
941 2333 1000 2393 145
1017 2350 1063 2412 sq.
1114 2329 1269 2408 Quamvis

110 2433 197 2497 euim
229 2450 331 2496 sermo
361 2431 402 2496 sit
430 2430 471 2496 de
500 2431 637 2498 diversis
659 2432 768 2512 rebus,
799 2439 921 2514 tamen,
952 2433 979 2496 si
1003 2434 1178 2514 generatim
1201 2454 1268 2500 rem

87 2541 249 2618 spectas,
272 2532 386 2599 eadem
411 2539 460 2599 est
481 2553 541 2599 res.
586 2553 606 2559 ··

197 2636 265 2701 Iam
294 2656 378 2701 nunc
407 2635 499 2718 quasi
529 2642 658 2717 pontem
687 2636 820 2701 fecimus
843 2634 886 2700 ad
909 2655 998 2720 eum,
1029 2639 1083 2720 qui
1107 2639 1269 2721 ingressus

110 2747 160 2804 est
180 2739 277 2804 etiam
301 2737 362 2804 hae
384 2739 417 2802 in
440 2757 474 2804 re
494 2732 602 2802 ‘velut
624 2737 786 2820 propriam
808 2727 909 2802 viam'
929 2737 1073 2816 (Quintil.
1089 2741 1136 2804 lll
1162 2744 1268 2823 1,16),

110 2842 401 2922 Hermagoram
434 2839 604 2906 rhetorem.
650 2839 752 2904 Huius
787 2839 870 2904 enim
907 2842 1096 2907 anctoritate
1130 2843 1268 2909 notionis

111 2935 288 3017 πολιτικὸς
317 2962 420 3026 ποτε
447 2941 567 3026 quasi
589 2947 705 3006 aetas
728 2941 944 3024 inauguratur,
968 2962 1039 3008 eum
1061 2963 1125 3008 non
1147 2944 1268 3011 medio·
1319 2937 1322 2945 '

110 3047 207 3111 eriter
228 3045 270 3110 ab
286 3065 334 3127 eo,
358 3063 453 3128 quem
476 3045 568 3127 qnasi
584 3043 771 3126 primarium
795 3063 865 3109 csse
888 3044 1039 3128 diximus,
1064 3065 1158 3112 sensu
1181 3048 1267 3132 apud

111 3147 198 3213 hune
226 3167 290 3213 vox
319 3143 493 3220 πολιτικὸς
522 3145 677 3242 discedat.
722 3145 810 3211 Dicit
838 3148 923 3212 enim
951 3147 1167 3230 Hermagoras
1196 3148 1268 3214 rhe-

111 3251 246 3316 toricam
264 3268 335 3315 esse
358 3245 497 3330 ὁίναμιν
512 3249 572 3312 τοῦ
589 3243 623 3312 εὖ
647 3247 752 3332 λέγειν
767 3245 814 3311 τὰ
832 3246 1033 3313 πολιτικὰ
1057 3248 1267 3337 ζητήματα

111 3351 198 3418 λεελε
222 3351 398 3433 Sopatro
428 3352 489 3430 (W.
506 3351 533 3417 V
552 3356 608 3434 15,
626 3355 677 3422 171
700 3357 733 3417 et
754 3352 810 3434 iis,
834 3371 914 3434 quos
936 3352 1032 3418 modo
1054 3353 1266 3438 laudabimus

110 3454 236 3520 Latinis
264 3453 446 3520 rhetoribus
474 3454 654 3538 plerisquc;
684 3473 755 3519 cum
785 3455 951 3521 Troilus
979 3455 1124 3540 sophista
1147 3456 1207 3533 (W.
1224 3456 1268 3521 Vl

112 3559 164 3640 52,
189 3551 243 3637 30)
266 3555 353 3621 dicat
376 3563 407 3622 et
428 3562 554 3639 repetat
575 3556 776 3648 Maximus
798 3556 960 3624 Planudes
983 3557 1265 3639 (W.v213‚16):

112 3657 144 3722 οἱ
169 3655 203 3721 δὲ
222 3652 450 3741 Ἑρμαγόρεισι
472 3648 575 3732 οὕτως
605 3651 771 3741 ὡρίσαντο
801 3655 902 3745 αι’·τὴν
924 3659 1087 3741 λέγοντες·
1111 3657 1265 3746 ῥητορική

112 3757 185 3825 ἐστι
208 3755 306 3843 λόγον
331 3756 469 3834 δύναμις
482 3759 576 3833 τέλος
599 3756 720 3840 ἔχουσα
742 3755 779 3824 τὸ
805 3763 942 3824 πείθειν
965 3751 1044 3824 ὅσον
1068 3753 1123 3845 ἐφ’
1150 3757 1266 3846 ἑαυτῇ·

111 3861 382 3946 παραλέλειπται
399 3858 434 3925 δὲ
452 3861 506 3926 καί
530 3853 627 3936 οὗτος
650 3855 667 3926 ὁ
692 3852 779 3946 ὅρος,
804 3854 841 3926 οὗ
866 3865 1012 3946 περιέχει
1034 3857 1097 3946 γὰρ
1119 3858 1156 3926 τὸ
1181 3857 1267 3926 ἰπο-

110 3969 278 4048 κείμενον,
301 3965 452 4027 τουτέστι
473 3959 521 4026 τὰ
544 3961 747 4029 πολιτικὰ
770 3961 1004 4048 πράγματα.
1048 3965 1160 4030 Finem
1190 3985 1267 4032 vero

112 4066 293 4133 rhetoricae
309 4064 526 4148 Hermagorae
541 4066 639 4132 fuisse
657 4062 699 4130 τὸ
725 4064 849 4131 τεθὲν
872 4062 1094 4131 πολιτικὸν
1111 4063 1267 4153 ζήτημα
