<?xml version="1.0" encoding="UTF-8"?>
<!DOCTYPE html PUBLIC "-//W3C//DTD XHTML 1.0 Transitional//EN"
    "http://www.w3.org/TR/xhtml1/DTD/xhtml1-transitional.dtd">
<html xmlns="http://www.w3.org/1999/xhtml" xml:lang="en" lang="en">
 <head>
  <title>
</title>
<meta http-equiv="Content-Type" content="text/html;charset=utf-8" />
  <meta name='ocr-system' content='tesseract 3.04.00' />
  <meta name='ocr-capabilities' content='ocr_page ocr_carea ocr_par ocr_line ocrx_word'/>
</head>
<body>
  <div class='ocr_page' id='page_1' title='image "./denotionumpolit00brangoog_0061.png"; bbox 0 0 2990 4886; ppageno 0'>
   <div class='ocr_carea' id='block_1_1' title="bbox 268 325 1027 386">
    <p class='ocr_par' dir='ltr' id='par_1_1' title="bbox 268 325 1027 386">
     <span class='ocr_line' id='line_1_1' title="bbox 268 325 1027 386; baseline -0.004 -2"><span class='ocrx_word' id='word_1_1' title='bbox 268 327 328 386; x_wconf 78' lang='lat'>182</span> <span class='ocrx_word' id='word_1_2' title='bbox 689 325 803 382; x_wconf 83' lang='lat' dir='ltr'>Carolus</span> <span class='ocrx_word' id='word_1_3' title='bbox 821 325 1027 382; x_wconf 85' lang='lat' dir='ltr'>Brandstaetter</span> 
     </span>
    </p>
   </div>
   <div class='ocr_carea' id='block_1_2' title="bbox 265 498 1476 3989">
    <p class='ocr_par' dir='ltr' id='par_1_2' title="bbox 265 498 1436 1079">
     <span class='ocr_line' id='line_1_2' title="bbox 265 498 1436 582; baseline -0.004 -13"><span class='ocrx_word' id='word_1_4' title='bbox 265 502 409 570; x_wconf 86' lang='lat' dir='ltr'>confiteri</span> <span class='ocrx_word' id='word_1_5' title='bbox 425 501 539 566; x_wconf 91' lang='lat' dir='ltr'>mirum</span> <span class='ocrx_word' id='word_1_6' title='bbox 563 504 683 582; x_wconf 87' lang='lat' dir='ltr'>quanta</span> <span class='ocrx_word' id='word_1_7' title='bbox 704 498 839 564; x_wconf 85' lang='lat' dir='ltr'>libidine</span> <span class='ocrx_word' id='word_1_8' title='bbox 863 498 947 565; x_wconf 91' lang='lat' dir='ltr'>huno</span> <span class='ocrx_word' id='word_1_9' title='bbox 969 499 1073 564; x_wconf 86' lang='lat' dir='ltr'>virum</span> <span class='ocrx_word' id='word_1_10' title='bbox 1096 500 1128 564; x_wconf 93' lang='lat' dir='ltr'>in</span> <span class='ocrx_word' id='word_1_11' title='bbox 1151 498 1343 582; x_wconf 82' lang='lat' dir='ltr'>usurpando</span> <span class='ocrx_word' id='word_1_12' title='bbox 1371 498 1436 564; x_wconf 87' lang='lat' dir='ltr'>hoo</span> 
     </span>
     <span class='ocr_line' id='line_1_3' title="bbox 265 601 1435 684; baseline -0.003 -14"><span class='ocrx_word' id='word_1_13' title='bbox 265 605 401 670; x_wconf 89' lang='lat' dir='ltr'>termino</span> <span class='ocrx_word' id='word_1_14' title='bbox 417 622 508 669; x_wconf 89' lang='lat' dir='ltr'>usum</span> <span class='ocrx_word' id='word_1_15' title='bbox 529 620 609 683; x_wconf 86' lang='lat' dir='ltr'>esse,</span> <span class='ocrx_word' id='word_1_16' title='bbox 632 607 743 684; x_wconf 83' lang='lat' dir='ltr'>utpote</span> <span class='ocrx_word' id='word_1_17' title='bbox 766 602 821 684; x_wconf 93' lang='lat' dir='ltr'>qui</span> <span class='ocrx_word' id='word_1_18' title='bbox 844 601 930 666; x_wconf 92' lang='lat' dir='ltr'>idem</span> <span class='ocrx_word' id='word_1_19' title='bbox 954 602 1145 668; x_wconf 91' lang='lat' dir='ltr'>vocabulum</span> <span class='ocrx_word' id='word_1_20' title='bbox 1167 603 1256 666; x_wconf 84' lang='lat' dir='ltr'>nulla</span> <span class='ocrx_word' id='word_1_21' title='bbox 1281 602 1435 684; x_wconf 87' lang='lat' dir='ltr'>explica·</span> 
     </span>
     <span class='ocr_line' id='line_1_4' title="bbox 266 703 1435 786; baseline -0.004 -13"><span class='ocrx_word' id='word_1_22' title='bbox 266 709 353 773; x_wconf 89' lang='lat' dir='ltr'>tione</span> <span class='ocrx_word' id='word_1_23' title='bbox 385 705 498 772; x_wconf 85' lang='lat' dir='ltr'>addita</span> <span class='ocrx_word' id='word_1_24' title='bbox 525 705 666 769; x_wconf 82' lang='lat' dir='ltr'>maxime</span> <span class='ocrx_word' id='word_1_25' title='bbox 696 703 786 770; x_wconf 86' lang='lat' dir='ltr'>vario</span> <span class='ocrx_word' id='word_1_26' title='bbox 815 723 911 770; x_wconf 84' lang='lat' dir='ltr'>sensu</span> <span class='ocrx_word' id='word_1_27' title='bbox 939 703 1095 770; x_wconf 89' lang='lat' dir='ltr'>adhibere</span> <span class='ocrx_word' id='word_1_28' title='bbox 1123 723 1186 770; x_wconf 92' lang='lat' dir='ltr'>non</span> <span class='ocrx_word' id='word_1_29' title='bbox 1215 704 1435 786; x_wconf 88' lang='lat' dir='ltr'>dubitaverit,</span> 
     </span>
     <span class='ocr_line' id='line_1_5' title="bbox 266 797 1436 892; baseline -0.005 -17"><span class='ocrx_word' id='word_1_30' title='bbox 266 809 415 892; x_wconf 87' lang='lat' dir='ltr'>quamvis</span> <span class='ocrx_word' id='word_1_31' title='bbox 438 797 621 889; x_wconf 75' lang='grc' dir='ltr'><strong><em>εὐκρινείας</em></strong></span> <span class='ocrx_word' id='word_1_32' title='bbox 642 805 771 870; x_wconf 90' lang='lat' dir='ltr'>laudem</span> <span class='ocrx_word' id='word_1_33' title='bbox 794 806 855 870; x_wconf 88' lang='lat' dir='ltr'>sibi</span> <span class='ocrx_word' id='word_1_34' title='bbox 871 807 1009 872; x_wconf 84' lang='lat' dir='ltr'>asciscat</span> <span class='ocrx_word' id='word_1_35' title='bbox 1026 805 1092 890; x_wconf 87' lang='lat' dir='ltr'>(Sp.</span> <span class='ocrx_word' id='word_1_36' title='bbox 1108 806 1140 870; x_wconf 93' lang='lat' dir='ltr'>II</span> <span class='ocrx_word' id='word_1_37' title='bbox 1156 809 1228 890; x_wconf 80' lang='lat'><strong>267,</strong></span> <span class='ocrx_word' id='word_1_38' title='bbox 1255 810 1295 870; x_wconf 85' lang='lat'>10</span> <span class='ocrx_word' id='word_1_39' title='bbox 1311 806 1369 870; x_wconf 92' lang='lat' dir='ltr'>W.</span> <span class='ocrx_word' id='word_1_40' title='bbox 1386 806 1436 869; x_wconf 95' lang='grc' dir='ltr'>ΙΙΙ</span> 
     </span>
     <span class='ocr_line' id='line_1_6' title="bbox 269 908 1435 992; baseline -0.003 -16"><span class='ocrx_word' id='word_1_41' title='bbox 269 915 357 990; x_wconf 65' lang='grc' dir='ltr'>19ης</span> <span class='ocrx_word' id='word_1_42' title='bbox 381 909 467 992; x_wconf 91' lang='lat' dir='ltr'>qnod</span> <span class='ocrx_word' id='word_1_43' title='bbox 490 908 620 992; x_wconf 91' lang='lat' dir='ltr'>quidem</span> <span class='ocrx_word' id='word_1_44' title='bbox 637 908 729 974; x_wconf 89' lang='lat' dir='ltr'>nobis</span> <span class='ocrx_word' id='word_1_45' title='bbox 752 908 850 991; x_wconf 90' lang='lat' dir='ltr'>paulo</span> <span class='ocrx_word' id='word_1_46' title='bbox 866 909 1031 974; x_wconf 87' lang='lat' dir='ltr'>molestius</span> <span class='ocrx_word' id='word_1_47' title='bbox 1048 927 1119 975; x_wconf 85' lang='lat' dir='ltr'>esse</span> <span class='ocrx_word' id='word_1_48' title='bbox 1141 929 1237 991; x_wconf 87' lang='lat' dir='ltr'>quam</span> <span class='ocrx_word' id='word_1_49' title='bbox 1260 909 1355 974; x_wconf 88' lang='lat' dir='ltr'>illius</span> <span class='ocrx_word' id='word_1_50' title='bbox 1380 927 1435 972; x_wconf 87' lang='lat' dir='ltr'>ae·</span> 
     </span>
     <span class='ocr_line' id='line_1_7' title="bbox 266 1009 1295 1079; baseline -0.004 -1"><span class='ocrx_word' id='word_1_51' title='bbox 266 1014 341 1079; x_wconf 84' lang='lat' dir='ltr'>tatis</span> <span class='ocrx_word' id='word_1_52' title='bbox 363 1011 536 1078; x_wconf 89' lang='lat' dir='ltr'>lectoribus</span> <span class='ocrx_word' id='word_1_53' title='bbox 559 1010 601 1076; x_wconf 85' lang='lat' dir='ltr'>ad</span> <span class='ocrx_word' id='word_1_54' title='bbox 625 1009 841 1076; x_wconf 84' lang='lat' dir='ltr'>excusandum</span> <span class='ocrx_word' id='word_1_55' title='bbox 864 1011 1057 1076; x_wconf 82' lang='lat' dir='ltr'><strong>Tarsensem</strong></span> <span class='ocrx_word' id='word_1_56' title='bbox 1079 1011 1175 1076; x_wconf 84' lang='lat' dir='ltr'>facile</span> <span class='ocrx_word' id='word_1_57' title='bbox 1197 1009 1295 1075; x_wconf 91' lang='lat' dir='ltr'>addo.</span> 
     </span>
    </p>

    <p class='ocr_par' dir='ltr' id='par_1_3' title="bbox 266 1097 1476 3450">
     <span class='ocr_line' id='line_1_8' title="bbox 351 1097 1476 1198; baseline -0.004 -18"><span class='ocrx_word' id='word_1_58' title='bbox 351 1115 399 1182; x_wconf 86' lang='lat' dir='ltr'>Ac</span> <span class='ocrx_word' id='word_1_59' title='bbox 426 1114 564 1198; x_wconf 89' lang='lat' dir='ltr'>primum</span> <span class='ocrx_word' id='word_1_60' title='bbox 593 1111 724 1195; x_wconf 87' lang='lat' dir='ltr'>quidem</span> <span class='ocrx_word' id='word_1_61' title='bbox 754 1119 827 1178; x_wconf 84' lang='lat' dir='ltr'>sunt</span> <span class='ocrx_word' id='word_1_62' title='bbox 853 1113 998 1178; x_wconf 90' lang='lat' dir='ltr'>nonnulli</span> <span class='ocrx_word' id='word_1_63' title='bbox 1027 1114 1106 1194; x_wconf 89' lang='lat' dir='ltr'>loci,</span> <span class='ocrx_word' id='word_1_64' title='bbox 1136 1113 1251 1196; x_wconf 85' lang='lat' dir='ltr'>quihus</span> <span class='ocrx_word' id='word_1_65' title='bbox 1282 1112 1433 1178; x_wconf 90' lang='lat' dir='ltr'>eodem</span> <span class='ocrx_word' id='word_1_66' title='bbox 1475 1097 1476 1114; x_wconf 52' lang='lat'>¹</span> 
     </span>
     <span class='ocr_line' id='line_1_9' title="bbox 267 1211 1476 1300; baseline -0.005 -16"><span class='ocrx_word' id='word_1_67' title='bbox 267 1237 385 1284; x_wconf 84' lang='lat' dir='ltr'>sensu</span> <span class='ocrx_word' id='word_1_68' title='bbox 413 1223 533 1300; x_wconf 87' lang='lat' dir='ltr'>atque</span> <span class='ocrx_word' id='word_1_69' title='bbox 561 1215 836 1297; x_wconf 81' lang='lat' dir='ltr'><strong>Hermagoras</strong></span> <span class='ocrx_word' id='word_1_70' title='bbox 865 1235 978 1281; x_wconf 84' lang='lat' dir='ltr'>vooem</span> <span class='ocrx_word' id='word_1_71' title='bbox 1001 1211 1178 1288; x_wconf 87' lang='grc' dir='ltr'><strong><em>πολιτικός</em></strong></span> <span class='ocrx_word' id='word_1_72' title='bbox 1200 1215 1433 1298; x_wconf 84' lang='lat' dir='ltr'>Hermogenes</span> <span class='ocrx_word' id='word_1_73' title='bbox 1475 1257 1476 1268; x_wconf 68' lang='lat'>.</span> 
     </span>
     <span class='ocr_line' id='line_1_10' title="bbox 266 1313 1476 1402; baseline -0.003 -16"><span class='ocrx_word' id='word_1_74' title='bbox 266 1320 416 1396; x_wconf 82' lang='lat' dir='ltr'>adhibet,</span> <span class='ocrx_word' id='word_1_75' title='bbox 450 1319 524 1384; x_wconf 91' lang='lat' dir='ltr'>dico</span> <span class='ocrx_word' id='word_1_76' title='bbox 553 1316 609 1402; x_wconf 91' lang='lat' dir='ltr'>Sp.</span> <span class='ocrx_word' id='word_1_77' title='bbox 625 1317 657 1382; x_wconf 95' lang='lat' dir='ltr'>II</span> <span class='ocrx_word' id='word_1_78' title='bbox 683 1321 730 1398; x_wconf 84' lang='lat'>17,</span> <span class='ocrx_word' id='word_1_79' title='bbox 754 1321 795 1381; x_wconf 78' lang='lat'>26</span> <span class='ocrx_word' id='word_1_80' title='bbox 818 1317 879 1394; x_wconf 84' lang='lat' dir='ltr'>(W.</span> <span class='ocrx_word' id='word_1_81' title='bbox 902 1319 918 1382; x_wconf 94' lang='grc' dir='ltr'>Ι</span> <span class='ocrx_word' id='word_1_82' title='bbox 940 1322 993 1392; x_wconf 86' lang='grc'>51)</span> <span class='ocrx_word' id='word_1_83' title='bbox 1026 1319 1093 1380; x_wconf 78' lang='grc' dir='ltr'><strong><em>τῶν</em></strong></span> <span class='ocrx_word' id='word_1_84' title='bbox 1126 1315 1162 1382; x_wconf 77' lang='grc' dir='ltr'>δὲ</span> <span class='ocrx_word' id='word_1_85' title='bbox 1191 1319 1364 1380; x_wconf 74' lang='grc' dir='ltr'><strong><em>θέσεων</em></strong></span> <span class='ocrx_word' id='word_1_86' title='bbox 1399 1313 1433 1378; x_wconf 82' lang='grc' dir='ltr'><strong><em>αἱ</em></strong></span> <span class='ocrx_word' id='word_1_87' title='bbox 1475 1335 1476 1382; x_wconf 79' lang='lat' dir='ltr'>l</span> 
     </span>
     <span class='ocr_line' id='line_1_11' title="bbox 266 1410 1431 1504; baseline -0.005 -18"><span class='ocrx_word' id='word_1_88' title='bbox 266 1421 327 1504; x_wconf 81' lang='grc' dir='ltr'><strong><em>μέν</em></strong></span> <span class='ocrx_word' id='word_1_89' title='bbox 343 1420 579 1501; x_wconf 82' lang='grc' dir='ltr'><strong><em>πολιτικαί,</em></strong></span> <span class='ocrx_word' id='word_1_90' title='bbox 597 1423 630 1482; x_wconf 81' lang='grc' dir='ltr'><strong><em>αἱ</em></strong></span> <span class='ocrx_word' id='word_1_91' title='bbox 646 1410 678 1482; x_wconf 82' lang='lat' dir='ltr'>d&#39;</span> <span class='ocrx_word' id='word_1_92' title='bbox 699 1413 747 1496; x_wconf 73' lang='lat' dir='ltr'>od,</span> <span class='ocrx_word' id='word_1_93' title='bbox 763 1420 819 1483; x_wconf 85' lang='grc' dir='ltr'><strong><em>καὶ</em></strong></span> <span class='ocrx_word' id='word_1_94' title='bbox 835 1419 1061 1484; x_wconf 80' lang='grc' dir='ltr'><strong><em>πολιτικαὶ</em></strong></span> <span class='ocrx_word' id='word_1_95' title='bbox 1083 1418 1144 1501; x_wconf 82' lang='grc' dir='ltr'><strong><em>μὲν</em></strong></span> <span class='ocrx_word' id='word_1_96' title='bbox 1160 1419 1196 1484; x_wconf 78' lang='grc' dir='ltr'><strong><em>αἱ</em></strong></span> <span class='ocrx_word' id='word_1_97' title='bbox 1217 1413 1431 1483; x_wconf 77' lang='grc' dir='ltr'><strong><em>ὑποπεπτω-</em></strong></span> 
     </span>
     <span class='ocr_line' id='line_1_12' title="bbox 267 1514 1476 1609; baseline -0.001 -24"><span class='ocrx_word' id='word_1_98' title='bbox 267 1535 356 1587; x_wconf 87' lang='grc' dir='ltr'><strong><em>κυῖαι</em></strong></span> <span class='ocrx_word' id='word_1_99' title='bbox 389 1533 463 1597; x_wconf 88' lang='grc' dir='ltr'><strong><em>ταῖς</em></strong></span> <span class='ocrx_word' id='word_1_100' title='bbox 495 1532 623 1595; x_wconf 78' lang='grc' dir='ltr'><strong><em>κοιναῖς</em></strong></span> <span class='ocrx_word' id='word_1_101' title='bbox 652 1519 796 1596; x_wconf 83' lang='grc' dir='ltr'><strong><em>ἐννοίαις</em></strong></span> <span class='ocrx_word' id='word_1_102' title='bbox 809 1526 845 1600; x_wconf 85' lang='lat'>¹),</span> <span class='ocrx_word' id='word_1_103' title='bbox 875 1517 947 1586; x_wconf 84' lang='grc' dir='ltr'><strong><em>οἷον</em></strong></span> <span class='ocrx_word' id='word_1_104' title='bbox 976 1519 1005 1586; x_wconf 82' lang='grc' dir='ltr'>εἰ</span> <span class='ocrx_word' id='word_1_105' title='bbox 1034 1521 1247 1609; x_wconf 83' lang='grc' dir='ltr'><strong><em>ῥητορευτέον</em></strong></span> <span class='ocrx_word' id='word_1_106' title='bbox 1280 1523 1339 1586; x_wconf 84' lang='grc' dir='ltr'><strong><em>καὶ</em></strong></span> <span class='ocrx_word' id='word_1_107' title='bbox 1367 1514 1432 1586; x_wconf 75' lang='grc' dir='ltr'><strong><em>όοα</em></strong></span> <span class='ocrx_word' id='word_1_108' title='bbox 1475 1535 1476 1608; x_wconf 80' lang='lat' dir='ltr'>l</span> 
     </span>
     <span class='ocr_line' id='line_1_13' title="bbox 266 1615 1476 1711; baseline 0.002 -24"><span class='ocrx_word' id='word_1_109' title='bbox 266 1626 421 1702; x_wconf 81' lang='grc' dir='ltr'><strong><em>τοιαῦτα,</em></strong></span> <span class='ocrx_word' id='word_1_110' title='bbox 451 1615 489 1688; x_wconf 75' lang='lat' dir='ltr'>ori</span> <span class='ocrx_word' id='word_1_111' title='bbox 512 1623 684 1688; x_wconf 69' lang='lat' dir='ltr'>malturtel</span> <span class='ocrx_word' id='word_1_112' title='bbox 715 1622 766 1702; x_wconf 80' lang='grc' dir='ltr'>δὲ,</span> <span class='ocrx_word' id='word_1_113' title='bbox 795 1615 873 1688; x_wconf 80' lang='grc' dir='ltr'><strong><em>όοαι</em></strong></span> <span class='ocrx_word' id='word_1_114' title='bbox 901 1623 1023 1690; x_wconf 82' lang='grc' dir='ltr'><strong><em>οἰκεῖαί</em></strong></span> <span class='ocrx_word' id='word_1_115' title='bbox 1044 1649 1135 1702; x_wconf 91' lang='grc' dir='ltr'><strong><em>τινος</em></strong></span> <span class='ocrx_word' id='word_1_116' title='bbox 1158 1622 1350 1711; x_wconf 76' lang='grc' dir='ltr'><strong><em>ἐπιστήμης</em></strong></span> <span class='ocrx_word' id='word_1_117' title='bbox 1374 1627 1428 1688; x_wconf 77' lang='grc' dir='ltr'><strong><em>καὶ</em></strong></span> <span class='ocrx_word' id='word_1_118' title='bbox 1475 1633 1476 1690; x_wconf 81' lang='lat' dir='ltr'>i</span> 
     </span>
     <span class='ocr_line' id='line_1_14' title="bbox 267 1711 1476 1813; baseline 0 -23"><span class='ocrx_word' id='word_1_119' title='bbox 267 1723 497 1810; x_wconf 80' lang='grc' dir='ltr'><strong><em>προσήκουσαι</em></strong></span> <span class='ocrx_word' id='word_1_120' title='bbox 518 1737 590 1801; x_wconf 88' lang='grc' dir='ltr'><strong><em>τοῖς</em></strong></span> <span class='ocrx_word' id='word_1_121' title='bbox 613 1727 690 1809; x_wconf 78' lang='grc' dir='ltr'><strong><em>περὶ</em></strong></span> <span class='ocrx_word' id='word_1_122' title='bbox 711 1717 816 1802; x_wconf 78' lang='grc' dir='ltr'><strong><em>αὐτὰς</em></strong></span> <span class='ocrx_word' id='word_1_123' title='bbox 832 1718 1146 1812; x_wconf 76' lang='grc' dir='ltr'><strong><em>ἀναστρεφομένοις,</em></strong></span> <span class='ocrx_word' id='word_1_124' title='bbox 1170 1724 1243 1791; x_wconf 81' lang='grc' dir='ltr'><strong><em>οἷον</em></strong></span> <span class='ocrx_word' id='word_1_125' title='bbox 1266 1725 1297 1790; x_wconf 85' lang='grc' dir='ltr'>εἰ</span> <span class='ocrx_word' id='word_1_126' title='bbox 1320 1749 1431 1813; x_wconf 84' lang='grc' dir='ltr'><strong><em>οφαι-</em></strong></span> <span class='ocrx_word' id='word_1_127' title='bbox 1475 1711 1476 1784; x_wconf 77' lang='lat' dir='ltr'>i</span> 
     </span>
     <span class='ocr_line' id='line_1_15' title="bbox 267 1821 1431 1917; baseline 0 -25"><span class='ocrx_word' id='word_1_128' title='bbox 267 1825 398 1913; x_wconf 81' lang='grc' dir='ltr'><strong><em>ροειὸὴς</em></strong></span> <span class='ocrx_word' id='word_1_129' title='bbox 425 1821 442 1892; x_wconf 85' lang='grc' dir='ltr'>ὁ</span> <span class='ocrx_word' id='word_1_130' title='bbox 472 1825 612 1910; x_wconf 85' lang='grc' dir='ltr'><strong><em>κόσμος,</em></strong></span> <span class='ocrx_word' id='word_1_131' title='bbox 642 1827 672 1892; x_wconf 83' lang='grc' dir='ltr'>εἰ</span> <span class='ocrx_word' id='word_1_132' title='bbox 699 1827 819 1893; x_wconf 80' lang='grc' dir='ltr'><strong><em>πολλοὶ</em></strong></span> <span class='ocrx_word' id='word_1_133' title='bbox 849 1827 984 1909; x_wconf 88' lang='grc' dir='ltr'><strong><em>κόσμοι,</em></strong></span> <span class='ocrx_word' id='word_1_134' title='bbox 1015 1823 1085 1893; x_wconf 80' lang='lat' dir='ltr'>eid</span> <span class='ocrx_word' id='word_1_135' title='bbox 1116 1828 1208 1917; x_wconf 79' lang='grc' dir='ltr'><strong><em>ἥλιος</em></strong></span> <span class='ocrx_word' id='word_1_136' title='bbox 1234 1831 1313 1912; x_wconf 80' lang='grc' dir='ltr'><strong><em>πῦρ.</em></strong></span> <span class='ocrx_word' id='word_1_137' title='bbox 1354 1828 1431 1894; x_wconf 76' lang='grc' dir='ltr'><strong><em>αἵδε</em></strong></span> 
     </span>
     <span class='ocr_line' id='line_1_16' title="bbox 266 1914 1476 2017; baseline 0.001 -23"><span class='ocrx_word' id='word_1_138' title='bbox 266 1929 326 2013; x_wconf 80' lang='grc' dir='ltr'><strong><em>μέν</em></strong></span> <span class='ocrx_word' id='word_1_139' title='bbox 348 1914 404 1994; x_wconf 84' lang='grc' dir='ltr'><strong><em>σόν</em></strong></span> <span class='ocrx_word' id='word_1_140' title='bbox 427 1929 632 2016; x_wconf 82' lang='grc' dir='ltr'><strong><em>φιλοσόφοις</em></strong></span> <span class='ocrx_word' id='word_1_141' title='bbox 655 1925 863 2015; x_wconf 80' lang='grc' dir='ltr'><strong><em>ἁρμόζουοιν,</em></strong></span> <span class='ocrx_word' id='word_1_142' title='bbox 888 1927 922 1994; x_wconf 81' lang='grc' dir='ltr'><strong><em>ἐν</em></strong></span> <span class='ocrx_word' id='word_1_143' title='bbox 945 1929 981 1994; x_wconf 77' lang='grc' dir='ltr'>δὲ</span> <span class='ocrx_word' id='word_1_144' title='bbox 995 1943 1070 2007; x_wconf 88' lang='grc' dir='ltr'><strong><em>ταῖς</em></strong></span> <span class='ocrx_word' id='word_1_145' title='bbox 1087 1925 1204 2007; x_wconf 80' lang='grc' dir='ltr'><strong><em>όλλαις</em></strong></span> <span class='ocrx_word' id='word_1_146' title='bbox 1226 1928 1304 2008; x_wconf 77' lang='grc' dir='ltr'><strong><em>τσές</em></strong></span> <span class='ocrx_word' id='word_1_147' title='bbox 1326 1931 1431 2017; x_wconf 82' lang='grc' dir='ltr'><strong><em>ῥήτο-</em></strong></span> <span class='ocrx_word' id='word_1_148' title='bbox 1475 1921 1476 2012; x_wconf 59' lang='grc' dir='ltr'>Ῑ</span> 
     </span>
     <span class='ocr_line' id='line_1_17' title="bbox 267 2024 1476 2126; baseline 0 -29"><span class='ocrx_word' id='word_1_149' title='bbox 267 2056 327 2115; x_wconf 85' lang='grc' dir='ltr'><strong><em>ρας</em></strong></span> <span class='ocrx_word' id='word_1_150' title='bbox 349 2035 561 2116; x_wconf 77' lang='grc' dir='ltr'><strong><em>γυμναστέον.</em></strong></span> <span class='ocrx_word' id='word_1_151' title='bbox 585 2024 764 2113; x_wconf 82' lang='grc' dir='ltr'><strong><em>ὠνόμασαν</em></strong></span> <span class='ocrx_word' id='word_1_152' title='bbox 785 2031 821 2096; x_wconf 81' lang='grc' dir='ltr'>δέ</span> <span class='ocrx_word' id='word_1_153' title='bbox 842 2056 930 2108; x_wconf 84' lang='grc' dir='ltr'><strong><em>τινες</em></strong></span> <span class='ocrx_word' id='word_1_154' title='bbox 951 2031 1076 2110; x_wconf 82' lang='grc' dir='ltr'><strong><em>ταύτας</em></strong></span> <span class='ocrx_word' id='word_1_155' title='bbox 1090 2033 1150 2115; x_wconf 81' lang='grc' dir='ltr'><strong><em>μὲν</em></strong></span> <span class='ocrx_word' id='word_1_156' title='bbox 1173 2032 1430 2117; x_wconf 77' lang='grc' dir='ltr'><strong><em>πρακτικάς,</em></strong></span> <span class='ocrx_word' id='word_1_157' title='bbox 1475 2113 1476 2126; x_wconf 19' lang='lat'>¹</span> 
     </span>
     <span class='ocr_line' id='line_1_18' title="bbox 268 2132 1476 2224; baseline 0.006 -26"><span class='ocrx_word' id='word_1_158' title='bbox 268 2133 393 2210; x_wconf 80' lang='grc' dir='ltr'><strong><em>ἐκείνας</em></strong></span> <span class='ocrx_word' id='word_1_159' title='bbox 426 2132 462 2197; x_wconf 79' lang='grc' dir='ltr'>δὲ</span> <span class='ocrx_word' id='word_1_160' title='bbox 495 2132 763 2220; x_wconf 72' lang='grc' dir='ltr'><strong><em>θεωρητικός</em></strong></span> <span class='ocrx_word' id='word_1_161' title='bbox 793 2137 845 2209; x_wconf 85' lang='lat' dir='ltr'>(cf.</span> <span class='ocrx_word' id='word_1_162' title='bbox 876 2137 959 2202; x_wconf 86' lang='lat' dir='ltr'>inira</span> <span class='ocrx_word' id='word_1_163' title='bbox 988 2157 1019 2220; x_wconf 93' lang='lat' dir='ltr'>p.</span> <span class='ocrx_word' id='word_1_164' title='bbox 1043 2141 1105 2200; x_wconf 82' lang='lat'>200</span> <span class='ocrx_word' id='word_1_165' title='bbox 1127 2137 1201 2202; x_wconf 89' lang='lat' dir='ltr'>adn.</span> <span class='ocrx_word' id='word_1_166' title='bbox 1227 2143 1267 2209; x_wconf 82' lang='lat'>1).</span> <span class='ocrx_word' id='word_1_167' title='bbox 1319 2139 1430 2223; x_wconf 85' lang='lat' dir='ltr'>Ipsius</span> <span class='ocrx_word' id='word_1_168' title='bbox 1475 2135 1476 2224; x_wconf 76' lang='lat' dir='ltr'>j</span> 
     </span>
     <span class='ocr_line' id='line_1_19' title="bbox 267 2236 1431 2322; baseline 0.003 -21"><span class='ocrx_word' id='word_1_169' title='bbox 267 2238 365 2320; x_wconf 85' lang='lat' dir='ltr'>igitur</span> <span class='ocrx_word' id='word_1_170' title='bbox 394 2236 605 2318; x_wconf 84' lang='lat' dir='ltr'>Hermogenis</span> <span class='ocrx_word' id='word_1_171' title='bbox 640 2237 814 2319; x_wconf 82' lang='lat' dir='ltr'>explicatio</span> <span class='ocrx_word' id='word_1_172' title='bbox 844 2257 907 2303; x_wconf 93' lang='lat' dir='ltr'>non</span> <span class='ocrx_word' id='word_1_173' title='bbox 938 2239 1042 2304; x_wconf 90' lang='lat' dir='ltr'>minus</span> <span class='ocrx_word' id='word_1_174' title='bbox 1076 2259 1171 2322; x_wconf 87' lang='lat' dir='ltr'>quam</span> <span class='ocrx_word' id='word_1_175' title='bbox 1200 2237 1367 2304; x_wconf 87' lang='lat' dir='ltr'>rhetorum</span> <span class='ocrx_word' id='word_1_176' title='bbox 1398 2249 1431 2305; x_wconf 85' lang='lat' dir='ltr'>et</span> 
     </span>
     <span class='ocr_line' id='line_1_20' title="bbox 267 2337 1428 2424; baseline 0.002 -20"><span class='ocrx_word' id='word_1_177' title='bbox 267 2337 531 2423; x_wconf 89' lang='lat' dir='ltr'>philosophorum</span> <span class='ocrx_word' id='word_1_178' title='bbox 566 2338 850 2421; x_wconf 85' lang='lat' dir='ltr'>disiungendorum</span> <span class='ocrx_word' id='word_1_179' title='bbox 883 2342 966 2406; x_wconf 89' lang='lat' dir='ltr'>ratio</span> <span class='ocrx_word' id='word_1_180' title='bbox 1000 2341 1095 2407; x_wconf 88' lang='lat' dir='ltr'>docet</span> <span class='ocrx_word' id='word_1_181' title='bbox 1124 2341 1363 2424; x_wconf 87' lang='lat' dir='ltr'>Hermogenem</span> <span class='ocrx_word' id='word_1_182' title='bbox 1396 2345 1428 2406; x_wconf 93' lang='lat' dir='ltr'>in</span> 
     </span>
     <span class='ocr_line' id='line_1_21' title="bbox 267 2441 1428 2526; baseline 0.002 -20"><span class='ocrx_word' id='word_1_183' title='bbox 267 2461 359 2508; x_wconf 87' lang='lat' dir='ltr'>usum</span> <span class='ocrx_word' id='word_1_184' title='bbox 388 2460 480 2507; x_wconf 88' lang='lat' dir='ltr'>suum</span> <span class='ocrx_word' id='word_1_185' title='bbox 510 2441 705 2506; x_wconf 87' lang='lat' dir='ltr'>convertisse</span> <span class='ocrx_word' id='word_1_186' title='bbox 734 2443 903 2507; x_wconf 88' lang='lat' dir='ltr'>terminum</span> <span class='ocrx_word' id='word_1_187' title='bbox 926 2443 1188 2526; x_wconf 88' lang='lat' dir='ltr'>Hermagorcum.</span> <span class='ocrx_word' id='word_1_188' title='bbox 1234 2443 1337 2510; x_wconf 87' lang='lat' dir='ltr'>Paulo</span> <span class='ocrx_word' id='word_1_189' title='bbox 1367 2443 1428 2510; x_wconf 87' lang='lat' dir='ltr'>dif-</span> 
     </span>
     <span class='ocr_line' id='line_1_22' title="bbox 268 2541 1428 2628; baseline 0.002 -20"><span class='ocrx_word' id='word_1_190' title='bbox 268 2542 383 2609; x_wconf 85' lang='lat' dir='ltr'>ficilius</span> <span class='ocrx_word' id='word_1_191' title='bbox 411 2542 564 2608; x_wconf 87' lang='lat' dir='ltr'>iudicium</span> <span class='ocrx_word' id='word_1_192' title='bbox 587 2541 628 2608; x_wconf 91' lang='lat' dir='ltr'>de</span> <span class='ocrx_word' id='word_1_193' title='bbox 651 2545 763 2626; x_wconf 87' lang='lat' dir='ltr'>primis</span> <span class='ocrx_word' id='word_1_194' title='bbox 786 2545 884 2609; x_wconf 89' lang='lat' dir='ltr'>libri</span> <span class='ocrx_word' id='word_1_195' title='bbox 908 2567 945 2608; x_wconf 90' lang='grc' dir='ltr'>π.</span> <span class='ocrx_word' id='word_1_196' title='bbox 970 2541 1155 2610; x_wconf 84' lang='grc' dir='ltr'><strong><em>στάσεων</em></strong></span> <span class='ocrx_word' id='word_1_197' title='bbox 1178 2546 1340 2628; x_wconf 87' lang='lat' dir='ltr'>versibus,</span> <span class='ocrx_word' id='word_1_198' title='bbox 1373 2548 1428 2612; x_wconf 90' lang='lat' dir='ltr'>uhi</span> 
     </span>
     <span class='ocr_line' id='line_1_23' title="bbox 269 2643 1476 2734; baseline 0.004 -27"><span class='ocrx_word' id='word_1_199' title='bbox 269 2643 349 2710; x_wconf 88' lang='lat' dir='ltr'>haec</span> <span class='ocrx_word' id='word_1_200' title='bbox 378 2650 506 2710; x_wconf 85' lang='lat' dir='ltr'>exstant</span> <span class='ocrx_word' id='word_1_201' title='bbox 532 2643 782 2728; x_wconf 85' lang='lat' dir='ltr'>Sp.11133,12</span> <span class='ocrx_word' id='word_1_202' title='bbox 805 2645 1053 2730; x_wconf 87' lang='lat' dir='ltr'>(W.1111sq.):</span> <span class='ocrx_word' id='word_1_203' title='bbox 1083 2649 1162 2730; x_wconf 85' lang='grc' dir='ltr'><strong><em>περὶ</em></strong></span> <span class='ocrx_word' id='word_1_204' title='bbox 1193 2646 1229 2711; x_wconf 83' lang='grc' dir='ltr'>δὲ</span> <span class='ocrx_word' id='word_1_205' title='bbox 1258 2649 1318 2734; x_wconf 82' lang='grc' dir='ltr'>τῆς</span> <span class='ocrx_word' id='word_1_206' title='bbox 1345 2651 1427 2712; x_wconf 74' lang='grc' dir='ltr'><strong><em>τῶν</em></strong></span> <span class='ocrx_word' id='word_1_207' title='bbox 1475 2727 1476 2734; x_wconf 12' lang='lat'>¹</span> 
     </span>
     <span class='ocr_line' id='line_1_24' title="bbox 268 2739 1427 2837; baseline 0.005 -28"><span class='ocrx_word' id='word_1_208' title='bbox 268 2745 501 2810; x_wconf 79' lang='grc' dir='ltr'><strong><em>πολιτικῶν</em></strong></span> <span class='ocrx_word' id='word_1_209' title='bbox 524 2739 769 2833; x_wconf 79' lang='grc' dir='ltr'><strong><em>ζητημάτων</em></strong></span> <span class='ocrx_word' id='word_1_210' title='bbox 793 2746 989 2831; x_wconf 80' lang='grc' dir='ltr'><strong><em>διαιρέσεως</em></strong></span> <span class='ocrx_word' id='word_1_211' title='bbox 1005 2746 1053 2823; x_wconf 84' lang='grc' dir='ltr'>εἷς</span> <span class='ocrx_word' id='word_1_212' title='bbox 1073 2747 1115 2812; x_wconf 87' lang='grc' dir='ltr'>τὰ</span> <span class='ocrx_word' id='word_1_213' title='bbox 1139 2747 1301 2834; x_wconf 81' lang='grc' dir='ltr'><strong><em>λεγόμενα</em></strong></span> <span class='ocrx_word' id='word_1_214' title='bbox 1323 2749 1427 2837; x_wconf 79' lang='grc' dir='ltr'><strong><em>κεφά-</em></strong></span> 
     </span>
     <span class='ocr_line' id='line_1_25' title="bbox 270 2841 1427 2934; baseline 0.004 -23"><span class='ocrx_word' id='word_1_215' title='bbox 270 2848 348 2912; x_wconf 89' lang='grc' dir='ltr'><strong><em>λαια</em></strong></span> <span class='ocrx_word' id='word_1_216' title='bbox 364 2841 380 2912; x_wconf 85' lang='grc' dir='ltr'><strong><em>ό</em></strong></span> <span class='ocrx_word' id='word_1_217' title='bbox 399 2845 495 2932; x_wconf 80' lang='grc' dir='ltr'><strong><em>λόγος</em></strong></span> <span class='ocrx_word' id='word_1_218' title='bbox 516 2847 666 2932; x_wconf 68' lang='grc' dir='ltr'><strong><em>γενέσθω</em></strong></span> <span class='ocrx_word' id='word_1_219' title='bbox 683 2899 690 2913; x_wconf 92' lang='grc'><strong><em>.</em></strong></span> <span class='ocrx_word' id='word_1_220' title='bbox 709 2899 715 2912; x_wconf 95' lang='grc'><strong><em>.</em></strong></span> <span class='ocrx_word' id='word_1_221' title='bbox 734 2851 813 2914; x_wconf 85' lang='grc' dir='ltr'><strong><em>,καὶ</em></strong></span> <span class='ocrx_word' id='word_1_222' title='bbox 836 2848 972 2933; x_wconf 78' lang='grc' dir='ltr'><strong><em>πρῶτόν</em></strong></span> <span class='ocrx_word' id='word_1_223' title='bbox 986 2873 1032 2934; x_wconf 78' lang='grc' dir='ltr'>γε,</span> <span class='ocrx_word' id='word_1_224' title='bbox 1056 2842 1075 2915; x_wconf 82' lang='grc' dir='ltr'><strong><em>ό</em></strong></span> <span class='ocrx_word' id='word_1_225' title='bbox 1097 2876 1131 2916; x_wconf 95' lang='grc' dir='ltr'>τι</span> <span class='ocrx_word' id='word_1_226' title='bbox 1154 2851 1226 2917; x_wconf 71' lang='grc' dir='ltr'><strong><em>ἔστι</em></strong></span> <span class='ocrx_word' id='word_1_227' title='bbox 1249 2851 1427 2918; x_wconf 83' lang='grc' dir='ltr'><strong><em>πολιτικόν</em></strong></span> 
     </span>
     <span class='ocr_line' id='line_1_26' title="bbox 269 2943 1427 3042; baseline 0.005 -29"><span class='ocrx_word' id='word_1_228' title='bbox 269 2949 396 3038; x_wconf 74' lang='grc' dir='ltr'><strong><em>ζήτημα</em></strong></span> <span class='ocrx_word' id='word_1_229' title='bbox 415 2951 546 3036; x_wconf 80' lang='grc' dir='ltr'><strong><em>ῥητέον·</em></strong></span> <span class='ocrx_word' id='word_1_230' title='bbox 571 2949 644 3015; x_wconf 75' lang='grc' dir='ltr'><strong><em>ἔστι</em></strong></span> <span class='ocrx_word' id='word_1_231' title='bbox 658 2955 769 3017; x_wconf 85' lang='grc' dir='ltr'><strong><em>τοίνυν</em></strong></span> <span class='ocrx_word' id='word_1_232' title='bbox 786 2943 1036 3038; x_wconf 72' lang='grc' dir='ltr'><strong><em>ἀμφισβήτησις</em></strong></span> <span class='ocrx_word' id='word_1_233' title='bbox 1050 2951 1162 3042; x_wconf 79' lang='grc' dir='ltr'><strong><em>λογικὴ</em></strong></span> <span class='ocrx_word' id='word_1_234' title='bbox 1180 2952 1236 3019; x_wconf 77' lang='grc' dir='ltr'>ἐπὶ</span> <span class='ocrx_word' id='word_1_235' title='bbox 1254 2959 1378 3037; x_wconf 86' lang='grc' dir='ltr'><strong><em>μέρους</em></strong></span> <span class='ocrx_word' id='word_1_236' title='bbox 1393 2954 1427 3020; x_wconf 79' lang='grc' dir='ltr'>ἐκ</span> 
     </span>
     <span class='ocr_line' id='line_1_27' title="bbox 269 3044 1476 3140; baseline 0.005 -22"><span class='ocrx_word' id='word_1_237' title='bbox 269 3055 335 3118; x_wconf 82' lang='grc' dir='ltr'><strong><em>τῶν</em></strong></span> <span class='ocrx_word' id='word_1_238' title='bbox 351 3044 437 3131; x_wconf 73' lang='grc' dir='ltr'><strong><em>παρ’</em></strong></span> <span class='ocrx_word' id='word_1_239' title='bbox 464 3049 616 3127; x_wconf 80' lang='grc' dir='ltr'><strong><em>ἑκάστοις</em></strong></span> <span class='ocrx_word' id='word_1_240' title='bbox 631 3057 790 3134; x_wconf 83' lang='grc' dir='ltr'><strong><em>κειμένων</em></strong></span> <span class='ocrx_word' id='word_1_241' title='bbox 803 3052 913 3136; x_wconf 87' lang='grc' dir='ltr'><strong><em>νόμιον</em></strong></span> <span class='ocrx_word' id='word_1_242' title='bbox 929 3044 950 3139; x_wconf 76' lang='grc' dir='ltr'><strong><em>ἢ</em></strong></span> <span class='ocrx_word' id='word_1_243' title='bbox 965 3052 1055 3120; x_wconf 73' lang='grc' dir='ltr'><strong><em>ἐθῶν</em></strong></span> <span class='ocrx_word' id='word_1_244' title='bbox 1071 3057 1149 3140; x_wconf 79' lang='grc' dir='ltr'><strong><em>περὶ</em></strong></span> <span class='ocrx_word' id='word_1_245' title='bbox 1165 3059 1225 3121; x_wconf 84' lang='grc' dir='ltr'>τοῦ</span> <span class='ocrx_word' id='word_1_246' title='bbox 1241 3063 1425 3140; x_wconf 75' lang='grc' dir='ltr'><strong><em>νομιοθέν-</em></strong></span> <span class='ocrx_word' id='word_1_247' title='bbox 1475 3089 1476 3102; x_wconf 53' lang='lat'>¹</span> 
     </span>
     <span class='ocr_line' id='line_1_28' title="bbox 269 3141 1426 3244; baseline 0.007 -26"><span class='ocrx_word' id='word_1_248' title='bbox 269 3179 326 3230; x_wconf 90' lang='grc' dir='ltr'>τος</span> <span class='ocrx_word' id='word_1_249' title='bbox 350 3153 480 3219; x_wconf 84' lang='grc' dir='ltr'><strong><em>ὁικαέου</em></strong></span> <span class='ocrx_word' id='word_1_250' title='bbox 495 3141 591 3237; x_wconf 77' lang='grc' dir='ltr'><strong><em>ἢτοῦ</em></strong></span> <span class='ocrx_word' id='word_1_251' title='bbox 607 3155 709 3219; x_wconf 81' lang='grc' dir='ltr'><strong><em>καλοῦ</em></strong></span> <span class='ocrx_word' id='word_1_252' title='bbox 723 3143 744 3239; x_wconf 76' lang='grc' dir='ltr'><em>ἢ</em></span> <span class='ocrx_word' id='word_1_253' title='bbox 759 3157 819 3220; x_wconf 80' lang='grc' dir='ltr'>τοῦ</span> <span class='ocrx_word' id='word_1_254' title='bbox 835 3160 1064 3240; x_wconf 85' lang='grc' dir='ltr'><strong><em>συμφέροντος</em></strong></span> <span class='ocrx_word' id='word_1_255' title='bbox 1079 3147 1100 3243; x_wconf 79' lang='grc' dir='ltr'><em>ἢ</em></span> <span class='ocrx_word' id='word_1_256' title='bbox 1115 3161 1171 3224; x_wconf 88' lang='grc' dir='ltr'><strong><em>καὶ</em></strong></span> <span class='ocrx_word' id='word_1_257' title='bbox 1194 3157 1333 3225; x_wconf 84' lang='grc' dir='ltr'><strong><em>πάντων</em></strong></span> <span class='ocrx_word' id='word_1_258' title='bbox 1357 3153 1426 3244; x_wconf 71' lang='grc' dir='ltr'><strong><em>ἅμα</em></strong></span> 
     </span>
     <span class='ocr_line' id='line_1_29' title="bbox 270 3247 1425 3350; baseline 0.008 -31"><span class='ocrx_word' id='word_1_259' title='bbox 270 3247 291 3342; x_wconf 75' lang='grc' dir='ltr'><em>ἢ</em></span> <span class='ocrx_word' id='word_1_260' title='bbox 313 3257 423 3322; x_wconf 86' lang='grc' dir='ltr'><strong><em>τινῶν.</em></strong></span> <span class='ocrx_word' id='word_1_261' title='bbox 446 3253 483 3319; x_wconf 87' lang='grc' dir='ltr'>τὸ</span> <span class='ocrx_word' id='word_1_262' title='bbox 507 3253 570 3341; x_wconf 77' lang='grc' dir='ltr'>γὰρ</span> <span class='ocrx_word' id='word_1_263' title='bbox 593 3251 639 3333; x_wconf 80' lang='grc' dir='ltr'>ὦς</span> <span class='ocrx_word' id='word_1_264' title='bbox 663 3249 800 3344; x_wconf 74' lang='grc' dir='ltr'><strong><em>όληθιῦς</em></strong></span> <span class='ocrx_word' id='word_1_265' title='bbox 822 3260 934 3324; x_wconf 83' lang='grc' dir='ltr'><strong><em>τεκαὶ</em></strong></span> <span class='ocrx_word' id='word_1_266' title='bbox 957 3255 1107 3326; x_wconf 76' lang='grc' dir='ltr'><strong><em>καθόλου</em></strong></span> <span class='ocrx_word' id='word_1_267' title='bbox 1129 3259 1229 3325; x_wconf 82' lang='grc' dir='ltr'><strong><em>καλὸν</em></strong></span> <span class='ocrx_word' id='word_1_268' title='bbox 1251 3251 1272 3347; x_wconf 78' lang='grc' dir='ltr'><strong><em>ἢ</em></strong></span> <span class='ocrx_word' id='word_1_269' title='bbox 1296 3269 1425 3350; x_wconf 81' lang='grc' dir='ltr'><strong><em>συμφέ-</em></strong></span> 
     </span>
     <span class='ocr_line' id='line_1_30' title="bbox 271 3347 1425 3450; baseline 0.008 -26"><span class='ocrx_word' id='word_1_270' title='bbox 271 3383 329 3445; x_wconf 90' lang='grc' dir='ltr'><strong><em>ρον</em></strong></span> <span class='ocrx_word' id='word_1_271' title='bbox 350 3347 372 3443; x_wconf 68' lang='lat' dir='ltr'>&#39;i</span> <span class='ocrx_word' id='word_1_272' title='bbox 394 3354 598 3423; x_wconf 79' lang='grc' dir='ltr'><strong><em>τὰτοιαῦτα</em></strong></span> <span class='ocrx_word' id='word_1_273' title='bbox 622 3357 727 3446; x_wconf 83' lang='grc' dir='ltr'><strong><em>ζητεῖν</em></strong></span> <span class='ocrx_word' id='word_1_274' title='bbox 751 3353 789 3426; x_wconf 84' lang='grc' dir='ltr'>οό</span> <span class='ocrx_word' id='word_1_275' title='bbox 816 3362 1028 3450; x_wconf 51' lang='grc' dir='ltr'><strong><em>ῥητορικηςλ)</em></strong></span> <span class='ocrx_word' id='word_1_276' title='bbox 1072 3365 1135 3432; x_wconf 91' lang='lat' dir='ltr'>Ubi</span> <span class='ocrx_word' id='word_1_277' title='bbox 1158 3364 1193 3429; x_wconf 89' lang='lat' dir='ltr'>id</span> <span class='ocrx_word' id='word_1_278' title='bbox 1221 3367 1360 3449; x_wconf 89' lang='lat' dir='ltr'>primum</span> <span class='ocrx_word' id='word_1_279' title='bbox 1385 3387 1425 3433; x_wconf 84' lang='lat' dir='ltr'>ex</span> 
     </span>
    </p>

    <p class='ocr_par' dir='ltr' id='par_1_4' title="bbox 270 3490 1476 3903">
     <span class='ocr_line' id='line_1_31' title="bbox 359 3490 1424 3569; baseline 0.008 -24"><span class='ocrx_word' id='word_1_280' title='bbox 359 3497 382 3558; x_wconf 90' lang='lat' dir='ltr'>l)</span> <span class='ocrx_word' id='word_1_281' title='bbox 401 3491 442 3546; x_wconf 83' lang='lat' dir='ltr'>Gi.</span> <span class='ocrx_word' id='word_1_282' title='bbox 456 3491 676 3547; x_wconf 86' lang='lat' dir='ltr'>Prisciannm</span> <span class='ocrx_word' id='word_1_283' title='bbox 694 3493 792 3556; x_wconf 80' lang='lat' dir='ltr'>(Halm.</span> <span class='ocrx_word' id='word_1_284' title='bbox 810 3495 880 3550; x_wconf 81' lang='lat' dir='ltr'>rhet.</span> <span class='ocrx_word' id='word_1_285' title='bbox 893 3495 925 3550; x_wconf 85' lang='lat' dir='ltr'>L.</span> <span class='ocrx_word' id='word_1_286' title='bbox 939 3513 973 3550; x_wconf 93' lang='lat' dir='ltr'>m.</span> <span class='ocrx_word' id='word_1_287' title='bbox 993 3512 1019 3564; x_wconf 89' lang='lat' dir='ltr'>p.</span> <span class='ocrx_word' id='word_1_288' title='bbox 1034 3501 1093 3562; x_wconf 82' lang='lat'><strong>559,</strong></span> <span class='ocrx_word' id='word_1_289' title='bbox 1109 3500 1162 3561; x_wconf 73' lang='lat' dir='ltr'>itt:</span> <span class='ocrx_word' id='word_1_290' title='bbox 1177 3490 1259 3551; x_wconf 84' lang='lat' dir='ltr'>‘Sunt</span> <span class='ocrx_word' id='word_1_291' title='bbox 1275 3497 1359 3566; x_wconf 83' lang='lat' dir='ltr'>igitur</span> <span class='ocrx_word' id='word_1_292' title='bbox 1376 3517 1424 3569; x_wconf 92' lang='lat' dir='ltr'>po·</span> 
     </span>
     <span class='ocr_line' id='line_1_32' title="bbox 271 3577 1424 3651; baseline 0.007 -20"><span class='ocrx_word' id='word_1_293' title='bbox 271 3578 398 3632; x_wconf 77' lang='lat' dir='ltr'>titionum</span> <span class='ocrx_word' id='word_1_294' title='bbox 417 3578 487 3631; x_wconf 86' lang='lat' dir='ltr'>aliae</span> <span class='ocrx_word' id='word_1_295' title='bbox 511 3577 646 3644; x_wconf 83' lang='lat' dir='ltr'>civiles,</span> <span class='ocrx_word' id='word_1_296' title='bbox 670 3579 738 3634; x_wconf 88' lang='lat' dir='ltr'>aliae</span> <span class='ocrx_word' id='word_1_297' title='bbox 761 3581 918 3649; x_wconf 78' lang='lat' dir='ltr'>privatae</span> <span class='ocrx_word' id='word_1_298' title='bbox 940 3582 1024 3647; x_wconf 86' lang='lat' dir='ltr'>(rides</span> <span class='ocrx_word' id='word_1_299' title='bbox 1049 3597 1128 3651; x_wconf 86' lang='lat' dir='ltr'>quam</span> <span class='ocrx_word' id='word_1_300' title='bbox 1152 3582 1308 3651; x_wconf 78' lang='lat' dir='ltr'>absurdelt:</span> <span class='ocrx_word' id='word_1_301' title='bbox 1334 3585 1424 3640; x_wconf 87' lang='lat' dir='ltr'>civiles</span> 
     </span>
     <span class='ocr_line' id='line_1_33' title="bbox 270 3662 1476 3740; baseline 0.007 -24"><span class='ocrx_word' id='word_1_302' title='bbox 270 3662 390 3730; x_wconf 91' lang='lat' dir='ltr'>quidem,</span> <span class='ocrx_word' id='word_1_303' title='bbox 415 3677 484 3731; x_wconf 86' lang='lat' dir='ltr'>quae</span> <span class='ocrx_word' id='word_1_304' title='bbox 503 3664 688 3718; x_wconf 88' lang='lat' dir='ltr'>communibus</span> <span class='ocrx_word' id='word_1_305' title='bbox 707 3664 786 3718; x_wconf 85' lang='lat' dir='ltr'>etad</span> <span class='ocrx_word' id='word_1_306' title='bbox 804 3665 938 3721; x_wconf 87' lang='lat' dir='ltr'>civitatem</span> <span class='ocrx_word' id='word_1_307' title='bbox 960 3666 1157 3734; x_wconf 86' lang='lat' dir='ltr'>pertinentibus</span> <span class='ocrx_word' id='word_1_308' title='bbox 1176 3667 1320 3724; x_wconf 85' lang='lat' dir='ltr'>subiacent</span> <span class='ocrx_word' id='word_1_309' title='bbox 1337 3671 1423 3740; x_wconf 91' lang='lat' dir='ltr'>opini-</span> <span class='ocrx_word' id='word_1_310' title='bbox 1475 3677 1476 3680; x_wconf 75' lang='grc'>’</span> 
     </span>
     <span class='ocr_line' id='line_1_34' title="bbox 272 3742 1424 3825; baseline 0.006 -24"><span class='ocrx_word' id='word_1_311' title='bbox 272 3742 393 3802; x_wconf 88' lang='lat' dir='ltr'>onibus‘.</span> <span class='ocrx_word' id='word_1_312' title='bbox 430 3748 481 3802; x_wconf 92' lang='lat' dir='ltr'>Vel</span> <span class='ocrx_word' id='word_1_313' title='bbox 506 3748 548 3803; x_wconf 88' lang='lat' dir='ltr'>his</span> <span class='ocrx_word' id='word_1_314' title='bbox 566 3748 721 3816; x_wconf 84' lang='lat' dir='ltr'>firmantur,</span> <span class='ocrx_word' id='word_1_315' title='bbox 744 3765 813 3818; x_wconf 86' lang='lat' dir='ltr'>queo</span> <span class='ocrx_word' id='word_1_316' title='bbox 836 3751 870 3805; x_wconf 88' lang='lat' dir='ltr'>de</span> <span class='ocrx_word' id='word_1_317' title='bbox 894 3751 995 3821; x_wconf 82' lang='lat' dir='ltr'>origine</span> <span class='ocrx_word' id='word_1_318' title='bbox 1018 3752 1127 3806; x_wconf 87' lang='lat' dir='ltr'>termini</span> <span class='ocrx_word' id='word_1_319' title='bbox 1144 3752 1319 3822; x_wconf 79' lang='lat' dir='ltr'>Hermagorei</span> <span class='ocrx_word' id='word_1_320' title='bbox 1341 3771 1424 3825; x_wconf 84' lang='lat' dir='ltr'>snpra</span> 
     </span>
     <span class='ocr_line' id='line_1_35' title="bbox 270 3833 503 3903; baseline -0.004 -16"><span class='ocrx_word' id='word_1_321' title='bbox 270 3833 327 3887; x_wconf 87' lang='lat' dir='ltr'>dixi</span> <span class='ocrx_word' id='word_1_322' title='bbox 344 3849 371 3902; x_wconf 91' lang='lat' dir='ltr'>p.</span> <span class='ocrx_word' id='word_1_323' title='bbox 388 3837 432 3888; x_wconf 83' lang='lat'>161</span> <span class='ocrx_word' id='word_1_324' title='bbox 446 3849 503 3903; x_wconf 87' lang='lat' dir='ltr'>sqq.</span> 
     </span>
    </p>

    <p class='ocr_par' dir='ltr' id='par_1_5' title="bbox 358 3918 1423 3989">
     <span class='ocr_line' id='line_1_36' title="bbox 358 3918 1423 3989; baseline 0.008 -19"><span class='ocrx_word' id='word_1_325' title='bbox 358 3921 383 3983; x_wconf 79' lang='lat'>2)</span> <span class='ocrx_word' id='word_1_326' title='bbox 402 3918 454 3973; x_wconf 87' lang='lat' dir='ltr'>Vix</span> <span class='ocrx_word' id='word_1_327' title='bbox 472 3919 625 3984; x_wconf 84' lang='lat' dir='ltr'>credideris,</span> <span class='ocrx_word' id='word_1_328' title='bbox 644 3925 811 3989; x_wconf 87' lang='lat' dir='ltr'>quantopere</span> <span class='ocrx_word' id='word_1_329' title='bbox 829 3921 986 3976; x_wconf 84' lang='lat' dir='ltr'>desudarint</span> <span class='ocrx_word' id='word_1_330' title='bbox 998 3923 1025 3976; x_wconf 93' lang='lat' dir='ltr'>in</span> <span class='ocrx_word' id='word_1_331' title='bbox 1037 3923 1089 3977; x_wconf 93' lang='lat' dir='ltr'>hoc</span> <span class='ocrx_word' id='word_1_332' title='bbox 1106 3923 1167 3978; x_wconf 91' lang='lat' dir='ltr'>loco</span> <span class='ocrx_word' id='word_1_333' title='bbox 1185 3923 1363 3979; x_wconf 81' lang='lat' dir='ltr'>scholiastae:</span> <span class='ocrx_word' id='word_1_334' title='bbox 1382 3926 1395 3979; x_wconf 84' lang='lat' dir='ltr'>t</span> <span class='ocrx_word' id='word_1_335' title='bbox 1413 3956 1423 3966; x_wconf 90' lang='lat'><strong>·</strong></span> 
     </span>
    </p>
   </div>
   <div class='ocr_carea' id='block_1_3' title="bbox 269 4003 1476 4162">
    <p class='ocr_par' dir='ltr' id='par_1_6' title="bbox 269 4003 1476 4162">
     <span class='ocr_line' id='line_1_37' title="bbox 270 4003 1476 4078; baseline 0.007 -21"><span class='ocrx_word' id='word_1_336' title='bbox 270 4008 351 4057; x_wconf 87' lang='lat' dir='ltr'>erunt</span> <span class='ocrx_word' id='word_1_337' title='bbox 363 4003 443 4068; x_wconf 90' lang='lat' dir='ltr'>enim,</span> <span class='ocrx_word' id='word_1_338' title='bbox 457 4003 503 4072; x_wconf 89' lang='lat' dir='ltr'>qui</span> <span class='ocrx_word' id='word_1_339' title='bbox 514 4008 625 4073; x_wconf 89' lang='lat' dir='ltr'>propter</span> <span class='ocrx_word' id='word_1_340' title='bbox 637 4020 729 4060; x_wconf 86' lang='lat' dir='ltr'>rocem</span> <span class='ocrx_word' id='word_1_341' title='bbox 742 4009 892 4077; x_wconf 81' lang='grc' dir='ltr'><strong><em>πανταχοῦ</em></strong></span> <span class='ocrx_word' id='word_1_342' title='bbox 904 4011 937 4073; x_wconf 84' lang='lat' dir='ltr'>(r.</span> <span class='ocrx_word' id='word_1_343' title='bbox 950 4011 974 4074; x_wconf 87' lang='lat'>8)</span> <span class='ocrx_word' id='word_1_344' title='bbox 987 4023 1035 4062; x_wconf 90' lang='lat' dir='ltr'>seu</span> <span class='ocrx_word' id='word_1_345' title='bbox 1047 4012 1137 4065; x_wconf 81' lang='grc' dir='ltr'><strong><em>καλοῦ</em></strong></span> <span class='ocrx_word' id='word_1_346' title='bbox 1150 4013 1183 4073; x_wconf 85' lang='lat' dir='ltr'>(r.</span> <span class='ocrx_word' id='word_1_347' title='bbox 1196 4013 1237 4071; x_wconf 80' lang='grc'>18)</span> <span class='ocrx_word' id='word_1_348' title='bbox 1250 4023 1298 4063; x_wconf 88' lang='lat' dir='ltr'>seu</span> <span class='ocrx_word' id='word_1_349' title='bbox 1310 4017 1422 4078; x_wconf 87' lang='lat' dir='ltr'>propter</span> <span class='ocrx_word' id='word_1_350' title='bbox 1475 4057 1476 4074; x_wconf 64' lang='grc'>,</span> 
     </span>
     <span class='ocr_line' id='line_1_38' title="bbox 269 4081 1476 4162; baseline 0.01 -22"><span class='ocrx_word' id='word_1_351' title='bbox 269 4087 330 4142; x_wconf 91' lang='lat' dir='ltr'>libri</span> <span class='ocrx_word' id='word_1_352' title='bbox 348 4087 456 4142; x_wconf 90' lang='lat' dir='ltr'>titulurn</span> <span class='ocrx_word' id='word_1_353' title='bbox 475 4095 641 4156; x_wconf 81' lang='lat' dir='ltr'>ungerentur</span> <span class='ocrx_word' id='word_1_354' title='bbox 653 4091 743 4145; x_wconf 91' lang='lat' dir='ltr'>omnia</span> <span class='ocrx_word' id='word_1_355' title='bbox 755 4091 807 4146; x_wconf 86' lang='lat' dir='ltr'>tria</span> <span class='ocrx_word' id='word_1_356' title='bbox 818 4105 917 4160; x_wconf 83' lang='lat' dir='ltr'>genera</span> <span class='ocrx_word' id='word_1_357' title='bbox 929 4091 957 4147; x_wconf 93' lang='lat' dir='ltr'>in</span> <span class='ocrx_word' id='word_1_358' title='bbox 970 4093 1039 4148; x_wconf 88' lang='lat' dir='ltr'>libro</span> <span class='ocrx_word' id='word_1_359' title='bbox 1058 4094 1171 4148; x_wconf 86' lang='lat' dir='ltr'>tractari</span> <span class='ocrx_word' id='word_1_360' title='bbox 1188 4093 1235 4159; x_wconf 83' lang='lat' dir='ltr'>(cl.</span> <span class='ocrx_word' id='word_1_361' title='bbox 1249 4093 1312 4162; x_wconf 89' lang='lat' dir='ltr'>Sop.</span> <span class='ocrx_word' id='word_1_362' title='bbox 1327 4094 1373 4150; x_wconf 91' lang='lat' dir='ltr'>W.</span> <span class='ocrx_word' id='word_1_363' title='bbox 1383 4095 1421 4148; x_wconf 83' lang='lat' dir='ltr'>IV</span> <span class='ocrx_word' id='word_1_364' title='bbox 1475 4081 1476 4152; x_wconf 83' lang='lat' dir='ltr'>i</span> 
     </span>
    </p>
   </div>
   <div class='ocr_carea' id='block_1_4' title="bbox 0 0 1502 4886">
    <p class='ocr_par' dir='ltr' id='par_1_7' title="bbox 0 0 1502 4886">
     <span class='ocr_line' id='line_1_39' title="bbox 0 0 1502 4886; baseline 0 0"><span class='ocrx_word' id='word_1_365' title='bbox 0 0 1502 4886; x_wconf 95' lang='lat' dir='ltr'> </span> 
     </span>
    </p>
   </div>
  </div>
 </body>
</html>
