<?xml version="1.0" encoding="UTF-8"?>
<!DOCTYPE html PUBLIC "-//W3C//DTD XHTML 1.0 Transitional//EN"
    "http://www.w3.org/TR/xhtml1/DTD/xhtml1-transitional.dtd">
<html xmlns="http://www.w3.org/1999/xhtml" xml:lang="en" lang="en">
 <head>
  <title>
</title>
<meta http-equiv="Content-Type" content="text/html;charset=utf-8" />
  <meta name='ocr-system' content='tesseract 3.04.00' />
  <meta name='ocr-capabilities' content='ocr_page ocr_carea ocr_par ocr_line ocrx_word'/>
</head>
<body>
  <div class='ocr_page' id='page_1' title='image "./denotionumpolit00brangoog_0111.png"; bbox 0 0 3004 4886; ppageno 0'>
   <div class='ocr_carea' id='block_1_1' title="bbox 268 283 1015 363">
    <p class='ocr_par' dir='ltr' id='par_1_1' title="bbox 268 283 1015 363">
     <span class='ocr_line' id='line_1_1' title="bbox 268 283 1015 363; baseline -0.004 0"><span class='ocrx_word' id='word_1_1' title='bbox 268 283 328 363; x_wconf 75' lang='lat'><strong>2‘32</strong></span> <span class='ocrx_word' id='word_1_2' title='bbox 676 305 790 361; x_wconf 80' lang='lat' dir='ltr'>Carolus</span> <span class='ocrx_word' id='word_1_3' title='bbox 808 306 1015 362; x_wconf 85' lang='lat' dir='ltr'><strong>Braudstaetter</strong></span> 
     </span>
    </p>
   </div>
   <div class='ocr_carea' id='block_1_2' title="bbox 265 477 1424 4129">
    <p class='ocr_par' dir='ltr' id='par_1_2' title="bbox 265 477 1424 4129">
     <span class='ocr_line' id='line_1_2' title="bbox 267 477 1424 564; baseline 0.006 -23"><span class='ocrx_word' id='word_1_4' title='bbox 267 477 494 560; x_wconf 87' lang='lat' dir='ltr'><strong>phistarum</strong></span> <span class='ocrx_word' id='word_1_5' title='bbox 523 479 599 544; x_wconf 89' lang='lat' dir='ltr'><strong>facit</strong></span> <span class='ocrx_word' id='word_1_6' title='bbox 627 479 839 563; x_wconf 87' lang='lat' dir='ltr'><strong>mentionem,</strong></span> <span class='ocrx_word' id='word_1_7' title='bbox 869 487 904 546; x_wconf 93' lang='lat' dir='ltr'><strong>ut</strong></span> <span class='ocrx_word' id='word_1_8' title='bbox 933 481 1011 564; x_wconf 91' lang='lat' dir='ltr'><strong>sint,</strong></span> <span class='ocrx_word' id='word_1_9' title='bbox 1046 481 1101 562; x_wconf 90' lang='lat' dir='ltr'><strong>qui</strong></span> <span class='ocrx_word' id='word_1_10' title='bbox 1124 483 1347 548; x_wconf 82' lang='lat' dir='ltr'><strong>ostentationis</strong></span> <span class='ocrx_word' id='word_1_11' title='bbox 1370 490 1424 548; x_wconf 91' lang='lat' dir='ltr'><strong>aut</strong></span> 
     </span>
     <span class='ocr_line' id='line_1_3' title="bbox 267 579 1422 667; baseline 0.005 -23"><span class='ocrx_word' id='word_1_12' title='bbox 267 588 418 662; x_wconf 83' lang='lat' dir='ltr'><strong>quaestus</strong></span> <span class='ocrx_word' id='word_1_13' title='bbox 434 600 532 646; x_wconf 86' lang='lat' dir='ltr'><strong>causa</strong></span> <span class='ocrx_word' id='word_1_14' title='bbox 547 579 815 663; x_wconf 82' lang='lat' dir='ltr'><strong>philosophentur</strong></span> <span class='ocrx_word' id='word_1_15' title='bbox 832 581 935 661; x_wconf 87' lang='lat' dir='ltr'><strong>(acad.</strong></span> <span class='ocrx_word' id='word_1_16' title='bbox 953 602 999 667; x_wconf 92' lang='lat' dir='ltr'><strong>pr.</strong></span> <span class='ocrx_word' id='word_1_17' title='bbox 1017 582 1049 648; x_wconf 96' lang='lat' dir='ltr'><strong>II</strong></span> <span class='ocrx_word' id='word_1_18' title='bbox 1065 584 1115 664; x_wconf 84' lang='lat'><strong>23,</strong></span> <span class='ocrx_word' id='word_1_19' title='bbox 1134 580 1195 664; x_wconf 84' lang='grc'><strong>72),</strong></span> <span class='ocrx_word' id='word_1_20' title='bbox 1212 584 1269 664; x_wconf 92' lang='lat' dir='ltr'><strong>qui</strong></span> <span class='ocrx_word' id='word_1_21' title='bbox 1281 582 1422 650; x_wconf 87' lang='lat' dir='ltr'><strong>Socratis</strong></span> 
     </span>
     <span class='ocr_line' id='line_1_4' title="bbox 266 680 1420 769; baseline 0.004 -24"><span class='ocrx_word' id='word_1_22' title='bbox 266 681 470 748; x_wconf 89' lang='lat' dir='ltr'><strong>dialecticam</strong></span> <span class='ocrx_word' id='word_1_23' title='bbox 499 680 686 765; x_wconf 89' lang='lat' dir='ltr'><strong>disputandi</strong></span> <span class='ocrx_word' id='word_1_24' title='bbox 709 683 865 750; x_wconf 87' lang='lat' dir='ltr'><strong>rationem</strong></span> <span class='ocrx_word' id='word_1_25' title='bbox 888 685 1052 767; x_wconf 90' lang='lat' dir='ltr'><strong>aspernati</strong></span> <span class='ocrx_word' id='word_1_26' title='bbox 1075 683 1219 750; x_wconf 91' lang='lat' dir='ltr'><strong>scholam</strong></span> <span class='ocrx_word' id='word_1_27' title='bbox 1244 687 1336 767; x_wconf 90' lang='lat' dir='ltr'><strong>quasi</strong></span> <span class='ocrx_word' id='word_1_28' title='bbox 1353 706 1420 769; x_wconf 91' lang='lat' dir='ltr'><strong>per·</strong></span> 
     </span>
     <span class='ocr_line' id='line_1_5' title="bbox 265 784 1420 868; baseline 0.003 -20"><span class='ocrx_word' id='word_1_29' title='bbox 265 789 362 866; x_wconf 90' lang='lat' dir='ltr'><strong>petuo</strong></span> <span class='ocrx_word' id='word_1_30' title='bbox 384 802 532 849; x_wconf 89' lang='lat' dir='ltr'><strong>sermone</strong></span> <span class='ocrx_word' id='word_1_31' title='bbox 562 784 726 867; x_wconf 79' lang='lat' dir='ltr'><strong>explicent</strong></span> <span class='ocrx_word' id='word_1_32' title='bbox 748 784 801 860; x_wconf 82' lang='lat' dir='ltr'><strong>(de</strong></span> <span class='ocrx_word' id='word_1_33' title='bbox 829 785 873 850; x_wconf 85' lang='lat' dir='ltr'><strong>fin</strong></span> <span class='ocrx_word' id='word_1_34' title='bbox 894 785 926 850; x_wconf 91' lang='grc' dir='ltr'><strong>ΙΙ</strong></span> <span class='ocrx_word' id='word_1_35' title='bbox 946 791 971 867; x_wconf 91' lang='lat' dir='ltr'><strong>l,</strong></span> <span class='ocrx_word' id='word_1_36' title='bbox 992 787 1030 868; x_wconf 87' lang='grc'><strong>1),</strong></span> <span class='ocrx_word' id='word_1_37' title='bbox 1054 787 1110 868; x_wconf 92' lang='lat' dir='ltr'><strong>qui</strong></span> <span class='ocrx_word' id='word_1_38' title='bbox 1132 786 1174 852; x_wconf 89' lang='lat' dir='ltr'><strong>de</strong></span> <span class='ocrx_word' id='word_1_39' title='bbox 1197 786 1247 853; x_wconf 88' lang='lat' dir='ltr'><strong>dis</strong></span> <span class='ocrx_word' id='word_1_40' title='bbox 1270 807 1342 854; x_wconf 90' lang='lat' dir='ltr'><strong>eum</strong></span> <span class='ocrx_word' id='word_1_41' title='bbox 1367 787 1420 853; x_wconf 88' lang='lat' dir='ltr'><strong>du-</strong></span> 
     </span>
     <span class='ocr_line' id='line_1_6' title="bbox 266 885 1420 970; baseline 0.003 -22"><span class='ocrx_word' id='word_1_42' title='bbox 266 885 422 951; x_wconf 86' lang='lat' dir='ltr'><strong>bitatione</strong></span> <span class='ocrx_word' id='word_1_43' title='bbox 450 887 622 969; x_wconf 91' lang='lat' dir='ltr'><strong>loquautur</strong></span> <span class='ocrx_word' id='word_1_44' title='bbox 652 886 705 964; x_wconf 88' lang='lat' dir='ltr'><strong>(de</strong></span> <span class='ocrx_word' id='word_1_45' title='bbox 733 894 799 952; x_wconf 90' lang='lat' dir='ltr'><strong>nat.</strong></span> <span class='ocrx_word' id='word_1_46' title='bbox 831 887 861 952; x_wconf 92' lang='lat' dir='ltr'><strong>d.</strong></span> <span class='ocrx_word' id='word_1_47' title='bbox 891 887 979 968; x_wconf 73' lang='lat' dir='ltr'><strong>lae,</strong></span> <span class='ocrx_word' id='word_1_48' title='bbox 996 886 1063 968; x_wconf 85' lang='grc'><strong>63),</strong></span> <span class='ocrx_word' id='word_1_49' title='bbox 1100 889 1156 970; x_wconf 92' lang='lat' dir='ltr'><strong>qui</strong></span> <span class='ocrx_word' id='word_1_50' title='bbox 1186 910 1206 952; x_wconf 91' lang='lat' dir='ltr'><strong>a</strong></span> <span class='ocrx_word' id='word_1_51' title='bbox 1229 888 1363 955; x_wconf 88' lang='lat' dir='ltr'><strong>Socrate</strong></span> <span class='ocrx_word' id='word_1_52' title='bbox 1390 891 1420 953; x_wconf 92' lang='lat' dir='ltr'><strong>iu</strong></span> 
     </span>
     <span class='ocr_line' id='line_1_7' title="bbox 267 987 1419 1076; baseline 0.003 -25"><span class='ocrx_word' id='word_1_53' title='bbox 267 987 535 1071; x_wconf 83' lang='lat' dir='ltr'><strong>disputationibus</strong></span> <span class='ocrx_word' id='word_1_54' title='bbox 568 1007 627 1072; x_wconf 90' lang='lat' dir='ltr'><strong>per</strong></span> <span class='ocrx_word' id='word_1_55' title='bbox 657 989 790 1054; x_wconf 85' lang='lat' dir='ltr'><strong>ironiam</strong></span> <span class='ocrx_word' id='word_1_56' title='bbox 822 988 997 1055; x_wconf 90' lang='lat' dir='ltr'><strong>illudantur</strong></span> <span class='ocrx_word' id='word_1_57' title='bbox 1026 990 1079 1066; x_wconf 90' lang='lat' dir='ltr'><strong>(de</strong></span> <span class='ocrx_word' id='word_1_58' title='bbox 1108 989 1159 1054; x_wconf 82' lang='lat' dir='ltr'><strong>fin.</strong></span> <span class='ocrx_word' id='word_1_59' title='bbox 1183 991 1215 1055; x_wconf 92' lang='lat' dir='ltr'><strong>ll</strong></span> <span class='ocrx_word' id='word_1_60' title='bbox 1234 997 1260 1076; x_wconf 90' lang='grc'><strong>1,</strong></span> <span class='ocrx_word' id='word_1_61' title='bbox 1282 995 1312 1056; x_wconf 91' lang='grc'><strong>2.</strong></span> <span class='ocrx_word' id='word_1_62' title='bbox 1335 990 1419 1056; x_wconf 89' lang='lat' dir='ltr'><strong>Brut.</strong></span> 
     </span>
     <span class='ocr_line' id='line_1_8' title="bbox 267 1090 1419 1176; baseline 0.003 -24"><span class='ocrx_word' id='word_1_63' title='bbox 267 1091 434 1174; x_wconf 88' lang='grc'>85,292),</span> <span class='ocrx_word' id='word_1_64' title='bbox 468 1090 526 1156; x_wconf 89' lang='lat' dir='ltr'><strong>sed</strong></span> <span class='ocrx_word' id='word_1_65' title='bbox 559 1091 655 1156; x_wconf 91' lang='lat' dir='ltr'><strong>etiam</strong></span> <span class='ocrx_word' id='word_1_66' title='bbox 678 1096 805 1156; x_wconf 89' lang='lat' dir='ltr'><strong>veteres</strong></span> <span class='ocrx_word' id='word_1_67' title='bbox 834 1091 1027 1156; x_wconf 90' lang='lat' dir='ltr'><strong>doctores</strong></span> <span class='ocrx_word' id='word_1_68' title='bbox 1057 1099 1331 1176; x_wconf 80' lang='lat' dir='ltr'><strong>auctoresque</strong></span> <span class='ocrx_word' id='word_1_69' title='bbox 1365 1093 1419 1158; x_wconf 90' lang='lat' dir='ltr'><strong>di·</strong></span> 
     </span>
     <span class='ocr_line' id='line_1_9' title="bbox 267 1191 1419 1277; baseline 0.003 -21"><span class='ocrx_word' id='word_1_70' title='bbox 267 1191 388 1256; x_wconf 88' lang='lat' dir='ltr'><strong>cendi</strong></span> <span class='ocrx_word' id='word_1_71' title='bbox 411 1211 530 1274; x_wconf 91' lang='lat' dir='ltr'><strong>eosque</strong></span> <span class='ocrx_word' id='word_1_72' title='bbox 557 1193 651 1257; x_wconf 92' lang='lat' dir='ltr'><strong>simul</strong></span> <span class='ocrx_word' id='word_1_73' title='bbox 679 1193 818 1257; x_wconf 92' lang='lat' dir='ltr'><strong>omnium</strong></span> <span class='ocrx_word' id='word_1_74' title='bbox 841 1211 944 1277; x_wconf 89' lang='lat' dir='ltr'><strong>paene</strong></span> <span class='ocrx_word' id='word_1_75' title='bbox 966 1213 1072 1258; x_wconf 89' lang='lat' dir='ltr'><strong>rerum</strong></span> <span class='ocrx_word' id='word_1_76' title='bbox 1095 1194 1230 1260; x_wconf 88' lang='lat' dir='ltr'><strong>seientia</strong></span> <span class='ocrx_word' id='word_1_77' title='bbox 1252 1196 1419 1261; x_wconf 90' lang='lat' dir='ltr'><strong>instructos</strong></span> 
     </span>
     <span class='ocr_line' id='line_1_10' title="bbox 267 1293 1419 1378; baseline 0.001 -20"><span class='ocrx_word' id='word_1_78' title='bbox 267 1293 320 1366; x_wconf 82' lang='lat' dir='ltr'><strong>lde</strong></span> <span class='ocrx_word' id='word_1_79' title='bbox 350 1313 394 1358; x_wconf 92' lang='lat' dir='ltr'><strong>or.</strong></span> <span class='ocrx_word' id='word_1_80' title='bbox 424 1293 472 1356; x_wconf 93' lang='lat' dir='ltr'><strong>Ill</strong></span> <span class='ocrx_word' id='word_1_81' title='bbox 502 1295 557 1370; x_wconf 87' lang='grc'><strong>32,</strong></span> <span class='ocrx_word' id='word_1_82' title='bbox 591 1296 660 1357; x_wconf 83' lang='grc'>126.</span> <span class='ocrx_word' id='word_1_83' title='bbox 699 1294 770 1367; x_wconf 86' lang='grc'>130)</span> <span class='ocrx_word' id='word_1_84' title='bbox 806 1295 858 1358; x_wconf 87' lang='lat' dir='ltr'><strong>vel</strong></span> <span class='ocrx_word' id='word_1_85' title='bbox 891 1295 1108 1376; x_wconf 88' lang='lat' dir='ltr'><strong>magistros</strong></span> <span class='ocrx_word' id='word_1_86' title='bbox 1143 1295 1309 1363; x_wconf 89' lang='lat' dir='ltr'><strong>dicendi</strong></span> <span class='ocrx_word' id='word_1_87' title='bbox 1341 1297 1419 1378; x_wconf 91' lang='lat' dir='ltr'><strong>pri-</strong></span> 
     </span>
     <span class='ocr_line' id='line_1_11' title="bbox 267 1394 1418 1477; baseline 0.003 -18"><span class='ocrx_word' id='word_1_88' title='bbox 267 1414 351 1460; x_wconf 87' lang='lat' dir='ltr'><strong>mos</strong></span> <span class='ocrx_word' id='word_1_89' title='bbox 374 1394 474 1470; x_wconf 84' lang='lat' dir='ltr'><strong>(Brut.</strong></span> <span class='ocrx_word' id='word_1_90' title='bbox 492 1397 521 1477; x_wconf 88' lang='lat'><strong>8,</strong></span> <span class='ocrx_word' id='word_1_91' title='bbox 540 1397 591 1472; x_wconf 82' lang='lat'><strong>30)</strong></span> <span class='ocrx_word' id='word_1_92' title='bbox 616 1415 671 1461; x_wconf 87' lang='lat' dir='ltr'><strong>eos</strong></span> <span class='ocrx_word' id='word_1_93' title='bbox 694 1396 826 1462; x_wconf 90' lang='lat' dir='ltr'><strong>inducit.</strong></span> <span class='ocrx_word' id='word_1_94' title='bbox 871 1397 1056 1463; x_wconf 91' lang='lat' dir='ltr'><strong>Disiunctos</strong></span> <span class='ocrx_word' id='word_1_95' title='bbox 1082 1403 1189 1462; x_wconf 87' lang='lat' dir='ltr'><strong>autern</strong></span> <span class='ocrx_word' id='word_1_96' title='bbox 1212 1400 1357 1464; x_wconf 88' lang='lat' dir='ltr'><strong>consulto</strong></span> <span class='ocrx_word' id='word_1_97' title='bbox 1380 1399 1418 1462; x_wconf 89' lang='lat' dir='ltr'><strong>ab</strong></span> 
     </span>
     <span class='ocr_line' id='line_1_12' title="bbox 268 1495 1419 1582; baseline 0.004 -22"><span class='ocrx_word' id='word_1_98' title='bbox 268 1495 334 1578; x_wconf 91' lang='lat' dir='ltr'><strong>his,</strong></span> <span class='ocrx_word' id='word_1_99' title='bbox 364 1502 399 1560; x_wconf 93' lang='lat' dir='ltr'><strong>ut</strong></span> <span class='ocrx_word' id='word_1_100' title='bbox 421 1497 538 1562; x_wconf 89' lang='lat' dir='ltr'><strong>clarius</strong></span> <span class='ocrx_word' id='word_1_101' title='bbox 562 1515 670 1562; x_wconf 90' lang='lat' dir='ltr'><strong>eorum</strong></span> <span class='ocrx_word' id='word_1_102' title='bbox 700 1504 813 1562; x_wconf 87' lang='lat' dir='ltr'><strong>natura</strong></span> <span class='ocrx_word' id='word_1_103' title='bbox 836 1500 1064 1582; x_wconf 82' lang='lat' dir='ltr'><strong>perspiciatur,</strong></span> <span class='ocrx_word' id='word_1_104' title='bbox 1088 1501 1152 1564; x_wconf 91' lang='lat' dir='ltr'><strong>iam</strong></span> <span class='ocrx_word' id='word_1_105' title='bbox 1181 1500 1316 1566; x_wconf 87' lang='lat' dir='ltr'><strong>afferam</strong></span> <span class='ocrx_word' id='word_1_106' title='bbox 1345 1521 1419 1566; x_wconf 93' lang='lat' dir='ltr'><strong>non·</strong></span> 
     </span>
     <span class='ocr_line' id='line_1_13' title="bbox 267 1599 1419 1685; baseline 0.002 -21"><span class='ocrx_word' id='word_1_107' title='bbox 267 1599 372 1664; x_wconf 91' lang='lat' dir='ltr'><strong>nullos</strong></span> <span class='ocrx_word' id='word_1_108' title='bbox 395 1599 493 1682; x_wconf 81' lang='lat' dir='ltr'><strong>lecca,</strong></span> <span class='ocrx_word' id='word_1_109' title='bbox 518 1599 633 1681; x_wconf 91' lang='lat' dir='ltr'><strong>quibus</strong></span> <span class='ocrx_word' id='word_1_110' title='bbox 657 1601 683 1666; x_wconf 91' lang='lat' dir='ltr'><strong>si</strong></span> <span class='ocrx_word' id='word_1_111' title='bbox 707 1621 769 1665; x_wconf 94' lang='lat' dir='ltr'><strong>non</strong></span> <span class='ocrx_word' id='word_1_112' title='bbox 786 1601 900 1666; x_wconf 86' lang='lat' dir='ltr'><strong>eadem</strong></span> <span class='ocrx_word' id='word_1_113' title='bbox 916 1607 1014 1682; x_wconf 90' lang='lat' dir='ltr'><strong>atque</strong></span> <span class='ocrx_word' id='word_1_114' title='bbox 1035 1601 1122 1685; x_wconf 90' lang='lat' dir='ltr'><strong>apud</strong></span> <span class='ocrx_word' id='word_1_115' title='bbox 1139 1602 1315 1685; x_wconf 82' lang='lat' dir='ltr'><strong>Epicureos</strong></span> <span class='ocrx_word' id='word_1_116' title='bbox 1330 1603 1419 1668; x_wconf 86' lang='lat' dir='ltr'><strong>vocis</strong></span> 
     </span>
     <span class='ocr_line' id='line_1_14' title="bbox 270 1695 1418 1786; baseline 0.003 -22"><span class='ocrx_word' id='word_1_117' title='bbox 270 1695 435 1786; x_wconf 64' lang='grc' dir='ltr'><strong><em>σοφιστὴς</em></strong></span> <span class='ocrx_word' id='word_1_118' title='bbox 466 1703 515 1766; x_wconf 90' lang='lat' dir='ltr'><strong>vis</strong></span> <span class='ocrx_word' id='word_1_119' title='bbox 538 1701 715 1784; x_wconf 88' lang='lat' dir='ltr'><strong>invenitur,</strong></span> <span class='ocrx_word' id='word_1_120' title='bbox 750 1709 835 1768; x_wconf 89' lang='lat' dir='ltr'><strong>certe</strong></span> <span class='ocrx_word' id='word_1_121' title='bbox 864 1703 921 1770; x_wconf 90' lang='lat' dir='ltr'><strong>illa</strong></span> <span class='ocrx_word' id='word_1_122' title='bbox 950 1704 1069 1786; x_wconf 90' lang='lat' dir='ltr'><strong>optime</strong></span> <span class='ocrx_word' id='word_1_123' title='bbox 1095 1703 1174 1768; x_wconf 92' lang='lat' dir='ltr'><strong>mihi</strong></span> <span class='ocrx_word' id='word_1_124' title='bbox 1198 1704 1326 1774; x_wconf 89' lang='lat' dir='ltr'><strong>videtur</strong></span> <span class='ocrx_word' id='word_1_125' title='bbox 1349 1706 1418 1769; x_wconf 94' lang='lat' dir='ltr'><strong>illu-</strong></span> 
     </span>
     <span class='ocr_line' id='line_1_15' title="bbox 266 1803 1419 1890; baseline 0.003 -24"><span class='ocrx_word' id='word_1_126' title='bbox 266 1803 360 1867; x_wconf 89' lang='lat' dir='ltr'><strong>strari</strong></span> <span class='ocrx_word' id='word_1_127' title='bbox 392 1811 424 1868; x_wconf 91' lang='lat' dir='ltr'><strong>et</strong></span> <span class='ocrx_word' id='word_1_128' title='bbox 456 1804 548 1885; x_wconf 91' lang='lat' dir='ltr'><strong>quasi</strong></span> <span class='ocrx_word' id='word_1_129' title='bbox 570 1803 716 1886; x_wconf 89' lang='lat' dir='ltr'><strong>pluribus</strong></span> <span class='ocrx_word' id='word_1_130' title='bbox 747 1806 874 1886; x_wconf 85' lang='lat' dir='ltr'><strong>exponi.</strong></span> <span class='ocrx_word' id='word_1_131' title='bbox 919 1805 955 1868; x_wconf 93' lang='lat' dir='ltr'><strong>In</strong></span> <span class='ocrx_word' id='word_1_132' title='bbox 979 1811 1142 1870; x_wconf 90' lang='lat' dir='ltr'><strong>oratore</strong></span> <span class='ocrx_word' id='word_1_133' title='bbox 1165 1806 1263 1888; x_wconf 89' lang='lat' dir='ltr'><strong>igitur</strong></span> <span class='ocrx_word' id='word_1_134' title='bbox 1286 1810 1351 1890; x_wconf 86' lang='lat'><strong>(11,</strong></span> <span class='ocrx_word' id='word_1_135' title='bbox 1369 1809 1419 1880; x_wconf 80' lang='grc'><strong>37)</strong></span> 
     </span>
     <span class='ocr_line' id='line_1_16' title="bbox 269 1899 1419 1990; baseline 0.003 -23"><span class='ocrx_word' id='word_1_136' title='bbox 269 1902 349 1970; x_wconf 89' lang='lat' dir='ltr'><strong>haec</strong></span> <span class='ocrx_word' id='word_1_137' title='bbox 377 1907 539 1988; x_wconf 90' lang='lat' dir='ltr'><strong>leguntur:</strong></span> <span class='ocrx_word' id='word_1_138' title='bbox 572 1899 668 1970; x_wconf 75' lang='lat' dir='ltr'><strong>‘Sed‘</strong></span> <span class='ocrx_word' id='word_1_139' title='bbox 686 1907 837 1987; x_wconf 89' lang='lat' dir='ltr'><strong>quoniam</strong></span> <span class='ocrx_word' id='word_1_140' title='bbox 865 1906 960 1988; x_wconf 91' lang='lat' dir='ltr'><strong>plura</strong></span> <span class='ocrx_word' id='word_1_141' title='bbox 989 1913 1063 1972; x_wconf 91' lang='lat' dir='ltr'><strong>sunt</strong></span> <span class='ocrx_word' id='word_1_142' title='bbox 1092 1908 1271 1972; x_wconf 93' lang='lat' dir='ltr'><strong>orationum</strong></span> <span class='ocrx_word' id='word_1_143' title='bbox 1301 1927 1419 1990; x_wconf 89' lang='lat' dir='ltr'><strong>genera</strong></span> 
     </span>
     <span class='ocr_line' id='line_1_17' title="bbox 268 2006 1418 2089; baseline 0.003 -19"><span class='ocrx_word' id='word_1_144' title='bbox 268 2025 371 2088; x_wconf 88' lang='lat' dir='ltr'><strong>eaque</strong></span> <span class='ocrx_word' id='word_1_145' title='bbox 395 2006 525 2073; x_wconf 86' lang='lat' dir='ltr'><strong>diversa</strong></span> <span class='ocrx_word' id='word_1_146' title='bbox 547 2026 651 2089; x_wconf 84' lang='lat' dir='ltr'><strong>neque</strong></span> <span class='ocrx_word' id='word_1_147' title='bbox 674 2008 707 2070; x_wconf 92' lang='lat' dir='ltr'><strong>in</strong></span> <span class='ocrx_word' id='word_1_148' title='bbox 731 2027 824 2072; x_wconf 89' lang='lat' dir='ltr'><strong>uuam</strong></span> <span class='ocrx_word' id='word_1_149' title='bbox 848 2009 980 2072; x_wconf 83' lang='lat' dir='ltr'><strong>formam</strong></span> <span class='ocrx_word' id='word_1_150' title='bbox 1005 2008 1124 2074; x_wconf 90' lang='lat' dir='ltr'><strong>cadunt</strong></span> <span class='ocrx_word' id='word_1_151' title='bbox 1153 2011 1274 2074; x_wconf 92' lang='lat' dir='ltr'><strong>omnia:</strong></span> <span class='ocrx_word' id='word_1_152' title='bbox 1310 2010 1418 2076; x_wconf 90' lang='lat' dir='ltr'><strong>lauda-</strong></span> 
     </span>
     <span class='ocr_line' id='line_1_18' title="bbox 269 2104 1418 2195; baseline 0.005 -25"><span class='ocrx_word' id='word_1_153' title='bbox 269 2109 391 2172; x_wconf 90' lang='lat' dir='ltr'><strong>tionum</strong></span> <span class='ocrx_word' id='word_1_154' title='bbox 408 2104 629 2192; x_wconf 89' lang='lat' dir='ltr'><strong>[scriptionum</strong></span> <span class='ocrx_word' id='word_1_155' title='bbox 652 2116 683 2174; x_wconf 90' lang='lat' dir='ltr'><strong>et</strong></span> <span class='ocrx_word' id='word_1_156' title='bbox 706 2105 920 2194; x_wconf 86' lang='lat' dir='ltr'><strong>historiarum]</strong></span> <span class='ocrx_word' id='word_1_157' title='bbox 945 2117 976 2175; x_wconf 91' lang='lat' dir='ltr'><strong>et</strong></span> <span class='ocrx_word' id='word_1_158' title='bbox 997 2113 1109 2176; x_wconf 87' lang='lat' dir='ltr'><strong>talium</strong></span> <span class='ocrx_word' id='word_1_159' title='bbox 1125 2113 1320 2194; x_wconf 90' lang='lat' dir='ltr'><strong>suasionum,</strong></span> <span class='ocrx_word' id='word_1_160' title='bbox 1345 2132 1418 2195; x_wconf 91' lang='lat' dir='ltr'><strong>qua·</strong></span> 
     </span>
     <span class='ocr_line' id='line_1_19' title="bbox 268 2210 1418 2295; baseline 0.005 -22"><span class='ocrx_word' id='word_1_161' title='bbox 268 2210 331 2274; x_wconf 91' lang='lat' dir='ltr'><strong>lem</strong></span> <span class='ocrx_word' id='word_1_162' title='bbox 355 2210 514 2276; x_wconf 86' lang='lat' dir='ltr'><strong>Isocrates</strong></span> <span class='ocrx_word' id='word_1_163' title='bbox 543 2211 619 2275; x_wconf 88' lang='lat' dir='ltr'><strong>fecit</strong></span> <span class='ocrx_word' id='word_1_164' title='bbox 647 2212 877 2294; x_wconf 87' lang='lat' dir='ltr'><strong>panegyricum</strong></span> <span class='ocrx_word' id='word_1_165' title='bbox 900 2214 1055 2295; x_wconf 90' lang='lat' dir='ltr'><strong>multique</strong></span> <span class='ocrx_word' id='word_1_166' title='bbox 1084 2214 1158 2294; x_wconf 91' lang='lat' dir='ltr'><strong>alii,</strong></span> <span class='ocrx_word' id='word_1_167' title='bbox 1193 2215 1248 2295; x_wconf 92' lang='lat' dir='ltr'><strong>qui</strong></span> <span class='ocrx_word' id='word_1_168' title='bbox 1271 2221 1345 2280; x_wconf 89' lang='lat' dir='ltr'><strong>sunt</strong></span> <span class='ocrx_word' id='word_1_169' title='bbox 1366 2234 1418 2279; x_wconf 93' lang='lat' dir='ltr'><strong>no·</strong></span> 
     </span>
     <span class='ocr_line' id='line_1_20' title="bbox 267 2312 1416 2398; baseline 0.003 -22"><span class='ocrx_word' id='word_1_170' title='bbox 267 2313 380 2376; x_wconf 92' lang='lat' dir='ltr'><strong>minati</strong></span> <span class='ocrx_word' id='word_1_171' title='bbox 403 2312 637 2396; x_wconf 89' lang='lat' dir='ltr'><strong>sophistae,</strong></span> <span class='ocrx_word' id='word_1_172' title='bbox 671 2315 929 2396; x_wconf 88' lang='lat' dir='ltr'><strong>reliquarumque</strong></span> <span class='ocrx_word' id='word_1_173' title='bbox 951 2335 1056 2380; x_wconf 89' lang='lat' dir='ltr'><strong>rerum</strong></span> <span class='ocrx_word' id='word_1_174' title='bbox 1079 2316 1230 2396; x_wconf 90' lang='lat' dir='ltr'><strong>formam,</strong></span> <span class='ocrx_word' id='word_1_175' title='bbox 1258 2335 1343 2398; x_wconf 90' lang='lat' dir='ltr'><strong>quae</strong></span> <span class='ocrx_word' id='word_1_176' title='bbox 1365 2318 1416 2380; x_wconf 90' lang='lat' dir='ltr'><strong>ab·</strong></span> 
     </span>
     <span class='ocr_line' id='line_1_21' title="bbox 270 2416 1415 2506; baseline 0.003 -28"><span class='ocrx_word' id='word_1_177' title='bbox 270 2420 343 2479; x_wconf 88' lang='lat' dir='ltr'><strong>sunt</strong></span> <span class='ocrx_word' id='word_1_178' title='bbox 365 2435 385 2478; x_wconf 91' lang='lat' dir='ltr'><strong>a</strong></span> <span class='ocrx_word' id='word_1_179' title='bbox 407 2416 526 2481; x_wconf 86' lang='lat' dir='ltr'><strong>forensi</strong></span> <span class='ocrx_word' id='word_1_180' title='bbox 549 2417 751 2506; x_wconf 84' lang='lat' dir='ltr'><strong>contentione</strong></span> <span class='ocrx_word' id='word_1_181' title='bbox 768 2417 901 2498; x_wconf 88' lang='lat' dir='ltr'><strong>eiusque</strong></span> <span class='ocrx_word' id='word_1_182' title='bbox 915 2417 1012 2482; x_wconf 89' lang='lat' dir='ltr'><strong>totius</strong></span> <span class='ocrx_word' id='word_1_183' title='bbox 1030 2417 1168 2500; x_wconf 89' lang='lat' dir='ltr'><strong>generis,</strong></span> <span class='ocrx_word' id='word_1_184' title='bbox 1192 2418 1278 2500; x_wconf 90' lang='lat' dir='ltr'><strong>quod</strong></span> <span class='ocrx_word' id='word_1_185' title='bbox 1295 2419 1415 2484; x_wconf 85' lang='lat' dir='ltr'><strong>Graece</strong></span> 
     </span>
     <span class='ocr_line' id='line_1_22' title="bbox 270 2511 1416 2601; baseline 0.008 -24"><span class='ocrx_word' id='word_1_186' title='bbox 270 2511 492 2579; x_wconf 75' lang='grc' dir='ltr'><strong><em>ἐπιδεικτικὸν</em></strong></span> <span class='ocrx_word' id='word_1_187' title='bbox 515 2519 705 2600; x_wconf 88' lang='lat' dir='ltr'><strong>nominatur,</strong></span> <span class='ocrx_word' id='word_1_188' title='bbox 733 2517 819 2601; x_wconf 88' lang='lat' dir='ltr'><strong>quod</strong></span> <span class='ocrx_word' id='word_1_189' title='bbox 843 2519 934 2600; x_wconf 91' lang='lat' dir='ltr'><strong>quasi</strong></span> <span class='ocrx_word' id='word_1_190' title='bbox 957 2518 999 2583; x_wconf 90' lang='lat' dir='ltr'><strong>ad</strong></span> <span class='ocrx_word' id='word_1_191' title='bbox 1022 2519 1256 2601; x_wconf 90' lang='lat' dir='ltr'><strong>inspiciendum</strong></span> <span class='ocrx_word' id='word_1_192' title='bbox 1280 2520 1416 2586; x_wconf 89' lang='lat' dir='ltr'><strong>delecta·</strong></span> 
     </span>
     <span class='ocr_line' id='line_1_23' title="bbox 268 2615 1414 2706; baseline 0.005 -25"><span class='ocrx_word' id='word_1_193' title='bbox 268 2618 365 2683; x_wconf 91' lang='lat' dir='ltr'><strong>tionis</strong></span> <span class='ocrx_word' id='word_1_194' title='bbox 388 2637 486 2683; x_wconf 90' lang='lat' dir='ltr'><strong>eausa</strong></span> <span class='ocrx_word' id='word_1_195' title='bbox 512 2626 730 2702; x_wconf 91' lang='lat' dir='ltr'><strong>comparatum</strong></span> <span class='ocrx_word' id='word_1_196' title='bbox 761 2626 824 2700; x_wconf 89' lang='lat' dir='ltr'><strong>est,</strong></span> <span class='ocrx_word' id='word_1_197' title='bbox 853 2639 916 2685; x_wconf 94' lang='lat' dir='ltr'><strong>non</strong></span> <span class='ocrx_word' id='word_1_198' title='bbox 946 2622 1140 2702; x_wconf 87' lang='lat' dir='ltr'><strong>complectar</strong></span> <span class='ocrx_word' id='word_1_199' title='bbox 1162 2620 1224 2686; x_wconf 94' lang='lat' dir='ltr'><strong>hoc</strong></span> <span class='ocrx_word' id='word_1_200' title='bbox 1246 2615 1414 2706; x_wconf 86' lang='lat' dir='ltr'><strong>tempore&#39;.</strong></span> 
     </span>
     <span class='ocr_line' id='line_1_24' title="bbox 268 2717 1415 2806; baseline 0.005 -22"><span class='ocrx_word' id='word_1_201' title='bbox 268 2717 484 2803; x_wconf 81' lang='lat' dir='ltr'><strong>Quibuscum,</strong></span> <span class='ocrx_word' id='word_1_202' title='bbox 512 2720 783 2788; x_wconf 88' lang='lat' dir='ltr'><strong>intercedentibus</strong></span> <span class='ocrx_word' id='word_1_203' title='bbox 807 2723 972 2788; x_wconf 86' lang='lat' dir='ltr'><strong>sententiis</strong></span> <span class='ocrx_word' id='word_1_204' title='bbox 995 2742 1058 2787; x_wconf 94' lang='lat' dir='ltr'><strong>nou</strong></span> <span class='ocrx_word' id='word_1_205' title='bbox 1080 2724 1250 2806; x_wconf 83' lang='lat' dir='ltr'><strong>neglectis,</strong></span> <span class='ocrx_word' id='word_1_206' title='bbox 1285 2726 1313 2790; x_wconf 91' lang='lat' dir='ltr'><strong>si</strong></span> <span class='ocrx_word' id='word_1_207' title='bbox 1337 2745 1415 2792; x_wconf 92' lang='lat' dir='ltr'><strong>eom·</strong></span> 
     </span>
     <span class='ocr_line' id='line_1_25' title="bbox 268 2817 1414 2906; baseline 0.005 -20"><span class='ocrx_word' id='word_1_208' title='bbox 268 2823 414 2904; x_wconf 88' lang='lat' dir='ltr'><strong>posueris</strong></span> <span class='ocrx_word' id='word_1_209' title='bbox 437 2823 536 2888; x_wconf 88' lang='lat' dir='ltr'><strong>verba</strong></span> <span class='ocrx_word' id='word_1_210' title='bbox 552 2844 579 2889; x_wconf 88' lang='lat' dir='ltr'><strong>c.</strong></span> <span class='ocrx_word' id='word_1_211' title='bbox 600 2827 647 2904; x_wconf 87' lang='lat'><strong>13,</strong></span> <span class='ocrx_word' id='word_1_212' title='bbox 666 2826 722 2887; x_wconf 78' lang='lat'><strong>42:</strong></span> <span class='ocrx_word' id='word_1_213' title='bbox 743 2817 858 2888; x_wconf 81' lang='lat' dir='ltr'><strong>‘dulce</strong></span> <span class='ocrx_word' id='word_1_214' title='bbox 887 2825 986 2905; x_wconf 91' lang='lat' dir='ltr'><strong>igitur</strong></span> <span class='ocrx_word' id='word_1_215' title='bbox 1016 2825 1169 2890; x_wconf 89' lang='lat' dir='ltr'><strong>orationis</strong></span> <span class='ocrx_word' id='word_1_216' title='bbox 1192 2844 1293 2906; x_wconf 90' lang='lat' dir='ltr'><strong>genus</strong></span> <span class='ocrx_word' id='word_1_217' title='bbox 1317 2834 1349 2892; x_wconf 90' lang='lat' dir='ltr'><strong>et</strong></span> <span class='ocrx_word' id='word_1_218' title='bbox 1370 2847 1414 2892; x_wconf 91' lang='lat' dir='ltr'><strong>so·</strong></span> 
     </span>
     <span class='ocr_line' id='line_1_26' title="bbox 267 2924 1413 3008; baseline 0.004 -20"><span class='ocrx_word' id='word_1_219' title='bbox 267 2926 369 2990; x_wconf 91' lang='lat' dir='ltr'><strong>lutum</strong></span> <span class='ocrx_word' id='word_1_220' title='bbox 394 2931 425 2990; x_wconf 93' lang='lat' dir='ltr'><strong>et</strong></span> <span class='ocrx_word' id='word_1_221' title='bbox 449 2924 590 3008; x_wconf 84' lang='lat' dir='ltr'><strong>effluens,</strong></span> <span class='ocrx_word' id='word_1_222' title='bbox 616 2926 781 2990; x_wconf 88' lang='lat' dir='ltr'><strong>sententiis</strong></span> <span class='ocrx_word' id='word_1_223' title='bbox 804 2931 961 3007; x_wconf 90' lang='lat' dir='ltr'><strong>argutum,</strong></span> <span class='ocrx_word' id='word_1_224' title='bbox 985 2926 1093 2992; x_wconf 89' lang='lat' dir='ltr'><strong>verbis</strong></span> <span class='ocrx_word' id='word_1_225' title='bbox 1110 2946 1227 2992; x_wconf 90' lang='lat' dir='ltr'><strong>sonans</strong></span> <span class='ocrx_word' id='word_1_226' title='bbox 1244 2933 1292 2992; x_wconf 90' lang='lat' dir='ltr'><strong>est</strong></span> <span class='ocrx_word' id='word_1_227' title='bbox 1315 2929 1347 2992; x_wconf 95' lang='lat' dir='ltr'><strong>in</strong></span> <span class='ocrx_word' id='word_1_228' title='bbox 1362 2929 1413 2994; x_wconf 91' lang='lat' dir='ltr'><strong>illo</strong></span> 
     </span>
     <span class='ocr_line' id='line_1_27' title="bbox 267 3025 1412 3111; baseline 0.003 -20"><span class='ocrx_word' id='word_1_229' title='bbox 267 3025 439 3110; x_wconf 86' lang='lat' dir='ltr'><strong>epidictico</strong></span> <span class='ocrx_word' id='word_1_230' title='bbox 469 3045 603 3108; x_wconf 88' lang='lat' dir='ltr'><strong>genere,</strong></span> <span class='ocrx_word' id='word_1_231' title='bbox 640 3027 726 3108; x_wconf 88' lang='lat' dir='ltr'><strong>quod</strong></span> <span class='ocrx_word' id='word_1_232' title='bbox 757 3026 896 3091; x_wconf 86' lang='lat' dir='ltr'><strong>diximus</strong></span> <span class='ocrx_word' id='word_1_233' title='bbox 925 3028 1089 3110; x_wconf 92' lang='lat' dir='ltr'><strong>proprium</strong></span> <span class='ocrx_word' id='word_1_234' title='bbox 1124 3028 1412 3111; x_wconf 88' lang='lat' dir='ltr'><strong>sophistarum,</strong></span> 
     </span>
     <span class='ocr_line' id='line_1_28' title="bbox 266 3129 1411 3216; baseline 0.003 -23"><span class='ocrx_word' id='word_1_235' title='bbox 266 3147 406 3211; x_wconf 88' lang='lat' dir='ltr'><strong>pompae</strong></span> <span class='ocrx_word' id='word_1_236' title='bbox 429 3146 525 3209; x_wconf 91' lang='lat' dir='ltr'><strong>quam</strong></span> <span class='ocrx_word' id='word_1_237' title='bbox 542 3148 670 3212; x_wconf 86' lang='lat' dir='ltr'><strong>pugnae</strong></span> <span class='ocrx_word' id='word_1_238' title='bbox 685 3129 802 3211; x_wconf 87' lang='lat' dir='ltr'><strong>aptius,</strong></span> <span class='ocrx_word' id='word_1_239' title='bbox 826 3129 1002 3212; x_wconf 85' lang='lat' dir='ltr'><strong>gymnasiis</strong></span> <span class='ocrx_word' id='word_1_240' title='bbox 1018 3137 1050 3194; x_wconf 90' lang='lat' dir='ltr'><strong>et</strong></span> <span class='ocrx_word' id='word_1_241' title='bbox 1065 3131 1246 3212; x_wconf 88' lang='lat' dir='ltr'><strong>palaestrae</strong></span> <span class='ocrx_word' id='word_1_242' title='bbox 1270 3131 1411 3216; x_wconf 89' lang='lat' dir='ltr'><strong>dicatum,</strong></span> 
     </span>
     <span class='ocr_line' id='line_1_29' title="bbox 268 3220 1411 3313; baseline 0.002 -17"><span class='ocrx_word' id='word_1_243' title='bbox 268 3236 410 3312; x_wconf 88' lang='lat' dir='ltr'><strong>spretum</strong></span> <span class='ocrx_word' id='word_1_244' title='bbox 426 3235 458 3293; x_wconf 92' lang='lat' dir='ltr'><strong>et</strong></span> <span class='ocrx_word' id='word_1_245' title='bbox 472 3229 597 3310; x_wconf 89' lang='lat' dir='ltr'><strong>pulsum</strong></span> <span class='ocrx_word' id='word_1_246' title='bbox 614 3220 697 3295; x_wconf 83' lang='lat' dir='ltr'><strong>foro&#39;</strong></span> <span class='ocrx_word' id='word_1_247' title='bbox 713 3231 936 3313; x_wconf 89' lang='lat' dir='ltr'><strong>-intelleges</strong></span> <span class='ocrx_word' id='word_1_248' title='bbox 953 3237 1028 3313; x_wconf 92' lang='lat' dir='ltr'><strong>apte</strong></span> <span class='ocrx_word' id='word_1_249' title='bbox 1044 3231 1228 3296; x_wconf 90' lang='lat' dir='ltr'><strong>adumbrari</strong></span> <span class='ocrx_word' id='word_1_250' title='bbox 1246 3231 1296 3298; x_wconf 90' lang='lat' dir='ltr'><strong>his</strong></span> <span class='ocrx_word' id='word_1_251' title='bbox 1312 3235 1411 3299; x_wconf 87' lang='lat' dir='ltr'><strong>verbis</strong></span> 
     </span>
     <span class='ocr_line' id='line_1_30' title="bbox 266 3332 1410 3420; baseline 0.003 -25"><span class='ocrx_word' id='word_1_252' title='bbox 266 3332 495 3414; x_wconf 87' lang='lat' dir='ltr'><strong>Epicureorum</strong></span> <span class='ocrx_word' id='word_1_253' title='bbox 526 3332 616 3396; x_wconf 91' lang='lat' dir='ltr'><strong>illum</strong></span> <span class='ocrx_word' id='word_1_254' title='bbox 639 3351 778 3414; x_wconf 92' lang='lat' dir='ltr'><strong>morem,</strong></span> <span class='ocrx_word' id='word_1_255' title='bbox 809 3351 871 3414; x_wconf 92' lang='lat' dir='ltr'><strong>quo</strong></span> <span class='ocrx_word' id='word_1_256' title='bbox 895 3333 922 3397; x_wconf 92' lang='lat' dir='ltr'><strong>is</strong></span> <span class='ocrx_word' id='word_1_257' title='bbox 945 3333 1146 3416; x_wconf 90' lang='lat' dir='ltr'><strong>potissimum</strong></span> <span class='ocrx_word' id='word_1_258' title='bbox 1168 3335 1299 3416; x_wconf 89' lang='lat' dir='ltr'><strong>proprie</strong></span> <span class='ocrx_word' id='word_1_259' title='bbox 1323 3354 1410 3420; x_wconf 80' lang='grc' dir='ltr'><strong><em>σοφι-</em></strong></span> 
     </span>
     <span class='ocr_line' id='line_1_31' title="bbox 267 3429 1410 3518; baseline 0.005 -23"><span class='ocrx_word' id='word_1_260' title='bbox 267 3429 349 3518; x_wconf 75' lang='grc' dir='ltr'><strong><em>στὴς</em></strong></span> <span class='ocrx_word' id='word_1_261' title='bbox 383 3435 625 3518; x_wconf 89' lang='lat' dir='ltr'><strong>appellabatur,</strong></span> <span class='ocrx_word' id='word_1_262' title='bbox 659 3436 713 3517; x_wconf 93' lang='lat' dir='ltr'><strong>qui</strong></span> <span class='ocrx_word' id='word_1_263' title='bbox 747 3454 822 3498; x_wconf 93' lang='lat' dir='ltr'><strong>non</strong></span> <span class='ocrx_word' id='word_1_264' title='bbox 856 3434 1028 3513; x_wconf 88' lang='lat' dir='ltr'><strong>forensi,</strong></span> <span class='ocrx_word' id='word_1_265' title='bbox 1062 3433 1134 3498; x_wconf 90' lang='lat' dir='ltr'><strong>sed</strong></span> <span class='ocrx_word' id='word_1_266' title='bbox 1167 3433 1410 3517; x_wconf 89' lang='lat' dir='ltr'><strong>epidictieae</strong></span> 
     </span>
     <span class='ocr_line' id='line_1_32' title="bbox 265 3534 1409 3620; baseline 0.002 -20"><span class='ocrx_word' id='word_1_267' title='bbox 265 3535 447 3601; x_wconf 90' lang='lat' dir='ltr'><strong>rhetoricae</strong></span> <span class='ocrx_word' id='word_1_268' title='bbox 477 3556 608 3620; x_wconf 92' lang='lat' dir='ltr'><strong>operam</strong></span> <span class='ocrx_word' id='word_1_269' title='bbox 637 3537 787 3602; x_wconf 84' lang='lat' dir='ltr'><strong>navabat.</strong></span> <span class='ocrx_word' id='word_1_270' title='bbox 832 3535 884 3600; x_wconf 89' lang='lat' dir='ltr'><strong>Ad</strong></span> <span class='ocrx_word' id='word_1_271' title='bbox 912 3534 996 3601; x_wconf 93' lang='lat' dir='ltr'><strong>hunc</strong></span> <span class='ocrx_word' id='word_1_272' title='bbox 1026 3537 1132 3602; x_wconf 93' lang='lat' dir='ltr'><strong>locum</strong></span> <span class='ocrx_word' id='word_1_273' title='bbox 1155 3535 1267 3602; x_wconf 79' lang='lat' dir='ltr'><strong>Cicero</strong></span> <span class='ocrx_word' id='word_1_274' title='bbox 1290 3558 1348 3604; x_wconf 88' lang='lat' dir='ltr'><strong>nos</strong></span> <span class='ocrx_word' id='word_1_275' title='bbox 1368 3557 1409 3602; x_wconf 90' lang='lat' dir='ltr'><strong>re-</strong></span> 
     </span>
     <span class='ocr_line' id='line_1_33' title="bbox 265 3637 1408 3722; baseline 0.003 -21"><span class='ocrx_word' id='word_1_276' title='bbox 265 3639 366 3702; x_wconf 90' lang='lat' dir='ltr'><strong>mittit</strong></span> <span class='ocrx_word' id='word_1_277' title='bbox 388 3639 420 3702; x_wconf 95' lang='lat' dir='ltr'><strong>in</strong></span> <span class='ocrx_word' id='word_1_278' title='bbox 444 3637 588 3703; x_wconf 89' lang='lat' dir='ltr'><strong>eiusdem</strong></span> <span class='ocrx_word' id='word_1_279' title='bbox 612 3639 685 3702; x_wconf 89' lang='lat' dir='ltr'><strong>libri</strong></span> <span class='ocrx_word' id='word_1_280' title='bbox 707 3659 733 3703; x_wconf 94' lang='lat' dir='ltr'><strong>e.</strong></span> <span class='ocrx_word' id='word_1_281' title='bbox 752 3642 807 3722; x_wconf 80' lang='lat'><strong>19,</strong></span> <span class='ocrx_word' id='word_1_282' title='bbox 826 3640 883 3720; x_wconf 88' lang='grc'><strong>65,</strong></span> <span class='ocrx_word' id='word_1_283' title='bbox 913 3638 968 3702; x_wconf 88' lang='lat' dir='ltr'><strong>ubi</strong></span> <span class='ocrx_word' id='word_1_284' title='bbox 997 3637 1038 3702; x_wconf 89' lang='lat' dir='ltr'><strong>ab</strong></span> <span class='ocrx_word' id='word_1_285' title='bbox 1062 3638 1247 3719; x_wconf 88' lang='lat' dir='ltr'><strong>eloquentia</strong></span> <span class='ocrx_word' id='word_1_286' title='bbox 1269 3641 1408 3721; x_wconf 89' lang='lat' dir='ltr'><strong>oratoria,</strong></span> 
     </span>
     <span class='ocr_line' id='line_1_34' title="bbox 265 3732 1409 3826; baseline 0.002 -23"><span class='ocrx_word' id='word_1_287' title='bbox 265 3742 373 3806; x_wconf 90' lang='lat' dir='ltr'><strong>nervis</strong></span> <span class='ocrx_word' id='word_1_288' title='bbox 403 3747 499 3821; x_wconf 90' lang='lat' dir='ltr'><strong>atque</strong></span> <span class='ocrx_word' id='word_1_289' title='bbox 528 3741 649 3806; x_wconf 90' lang='lat' dir='ltr'><strong>aculeis</strong></span> <span class='ocrx_word' id='word_1_290' title='bbox 677 3741 856 3806; x_wconf 81' lang='lat' dir='ltr'><strong>forensibus</strong></span> <span class='ocrx_word' id='word_1_291' title='bbox 890 3739 1038 3826; x_wconf 89' lang='lat' dir='ltr'><strong>praedita</strong></span> <span class='ocrx_word' id='word_1_292' title='bbox 1062 3732 1328 3807; x_wconf 82' lang='lat' dir='ltr'><strong>‘similitudinem</strong></span> <span class='ocrx_word' id='word_1_293' title='bbox 1359 3743 1409 3806; x_wconf 94' lang='lat' dir='ltr'><strong>im·</strong></span> 
     </span>
     <span class='ocr_line' id='line_1_35' title="bbox 265 3835 1408 3928; baseline 0.002 -23"><span class='ocrx_word' id='word_1_294' title='bbox 265 3843 378 3926; x_wconf 87' lang='lat' dir='ltr'><strong>primis</strong></span> <span class='ocrx_word' id='word_1_295' title='bbox 412 3835 641 3925; x_wconf 89' lang='lat' dir='ltr'><strong>sophistarum’</strong></span> <span class='ocrx_word' id='word_1_296' title='bbox 678 3841 937 3924; x_wconf 87' lang='lat' dir='ltr'><strong>distinguendam</strong></span> <span class='ocrx_word' id='word_1_297' title='bbox 972 3860 1043 3907; x_wconf 89' lang='lat' dir='ltr'><strong>esse</strong></span> <span class='ocrx_word' id='word_1_298' title='bbox 1077 3842 1170 3924; x_wconf 91' lang='lat' dir='ltr'><strong>dicit,</strong></span> <span class='ocrx_word' id='word_1_299' title='bbox 1209 3843 1330 3928; x_wconf 91' lang='lat' dir='ltr'><strong>quippe</strong></span> <span class='ocrx_word' id='word_1_300' title='bbox 1362 3844 1408 3926; x_wconf 93' lang='lat' dir='ltr'><strong>qui</strong></span> 
     </span>
     <span class='ocr_line' id='line_1_36' title="bbox 267 3943 1408 4028; baseline 0.001 -21"><span class='ocrx_word' id='word_1_301' title='bbox 267 3963 378 4010; x_wconf 90' lang='lat' dir='ltr'><strong>omnes</strong></span> <span class='ocrx_word' id='word_1_302' title='bbox 402 3943 534 4010; x_wconf 90' lang='lat' dir='ltr'><strong>eosdem</strong></span> <span class='ocrx_word' id='word_1_303' title='bbox 556 3943 661 4027; x_wconf 89' lang='lat' dir='ltr'><strong>flores,</strong></span> <span class='ocrx_word' id='word_1_304' title='bbox 685 3963 764 4026; x_wconf 90' lang='lat' dir='ltr'><strong>quos</strong></span> <span class='ocrx_word' id='word_1_305' title='bbox 787 3945 941 4009; x_wconf 91' lang='lat' dir='ltr'><strong>adhibeat</strong></span> <span class='ocrx_word' id='word_1_306' title='bbox 956 3951 1063 4010; x_wconf 90' lang='lat' dir='ltr'><strong>orator</strong></span> <span class='ocrx_word' id='word_1_307' title='bbox 1078 3945 1111 4008; x_wconf 96' lang='lat' dir='ltr'><strong>in</strong></span> <span class='ocrx_word' id='word_1_308' title='bbox 1128 3945 1243 4024; x_wconf 90' lang='lat' dir='ltr'><strong>causis,</strong></span> <span class='ocrx_word' id='word_1_309' title='bbox 1267 3945 1408 4028; x_wconf 89' lang='lat' dir='ltr'><strong>persequi</strong></span> 
     </span>
     <span class='ocr_line' id='line_1_37' title="bbox 265 4041 1407 4129; baseline 0.002 -19"><span class='ocrx_word' id='word_1_310' title='bbox 265 4047 346 4110; x_wconf 90' lang='lat' dir='ltr'><strong>velit</strong></span> <span class='ocrx_word' id='word_1_311' title='bbox 369 4066 396 4112; x_wconf 91' lang='lat' dir='ltr'><strong>e.</strong></span> <span class='ocrx_word' id='word_1_312' title='bbox 413 4067 443 4129; x_wconf 88' lang='lat' dir='ltr'><strong>q.</strong></span> <span class='ocrx_word' id='word_1_313' title='bbox 460 4066 504 4128; x_wconf 90' lang='lat' dir='ltr'><strong>s.;</strong></span> <span class='ocrx_word' id='word_1_314' title='bbox 529 4047 645 4129; x_wconf 91' lang='lat' dir='ltr'><strong>quibus</strong></span> <span class='ocrx_word' id='word_1_315' title='bbox 669 4047 825 4129; x_wconf 87' lang='lat' dir='ltr'><strong>expositis</strong></span> <span class='ocrx_word' id='word_1_316' title='bbox 848 4066 874 4112; x_wconf 91' lang='lat' dir='ltr'><strong>e.</strong></span> <span class='ocrx_word' id='word_1_317' title='bbox 891 4049 941 4128; x_wconf 83' lang='lat'><strong>20,</strong></span> <span class='ocrx_word' id='word_1_318' title='bbox 959 4049 998 4109; x_wconf 86' lang='grc'><strong>68</strong></span> <span class='ocrx_word' id='word_1_319' title='bbox 1022 4048 1068 4112; x_wconf 92' lang='lat' dir='ltr'><strong>ita</strong></span> <span class='ocrx_word' id='word_1_320' title='bbox 1089 4065 1158 4112; x_wconf 89' lang='lat' dir='ltr'><strong>rem</strong></span> <span class='ocrx_word' id='word_1_321' title='bbox 1182 4047 1329 4129; x_wconf 88' lang='lat' dir='ltr'><strong>expedit:</strong></span> <span class='ocrx_word' id='word_1_322' title='bbox 1348 4041 1407 4113; x_wconf 89' lang='lat' dir='ltr'><strong>‘se-</strong></span> 
     </span>
    </p>
   </div>
   <div class='ocr_carea' id='block_1_3' title="bbox 0 0 1506 4886">
    <p class='ocr_par' dir='ltr' id='par_1_3' title="bbox 0 0 1506 4886">
     <span class='ocr_line' id='line_1_38' title="bbox 0 0 1506 4886; baseline 0 0"><span class='ocrx_word' id='word_1_323' title='bbox 0 0 1506 4886; x_wconf 95' lang='lat' dir='ltr'><strong> </strong></span> 
     </span>
    </p>
   </div>
  </div>
 </body>
</html>
