3004 4886
248 309 289 364 De
305 308 445 364 notionum
463 301 613 373 πολιτικὸς
631 313 659 363 et
676 302 815 378 σοφιστὴς
834 324 885 364 usu
902 308 1047 364 rhetorico.
1162 310 1222 367 229

159 480 226 545 Iam
261 480 346 564 quod
380 481 441 547 lert
477 483 603 548 animus
635 482 731 566 paulo
765 481 892 564 lougius
924 481 1092 567 progredi,
1127 483 1223 550 facile

81 582 229 664 ignosces.
274 583 322 650 Ac
349 584 493 666 prolecto
522 604 585 650 non
607 584 703 650 nimis
726 583 823 666 longe
845 581 926 648 mihi
949 583 1077 650 videtur
1099 604 1150 651 res
1172 604 1222 650 re·

81 691 192 768 petere,
216 686 270 768 qui
293 685 404 752 deberi
428 685 513 752 hunc
535 685 665 752 dicendi
687 705 779 752 usum
795 686 933 752 coniciat
952 686 1058 754 studio
1081 687 1130 752 illi
1145 688 1223 754 artis

82 786 231 851 vocabula
259 805 317 852 seu
345 786 532 854 inveniendi
561 806 618 853 seu
648 788 778 870 proprio
805 787 945 870 quodam
968 794 1041 854 eta
1063 790 1224 855 communi

81 885 305 968 significatione
327 889 434 954 alieno
456 909 551 956 sensu
575 889 766 973 usurpandi,
791 889 877 971 quod
899 890 982 956 inter
1004 897 1130 956 veteres
1153 889 1223 974 phi·

82 987 279 1071 losophornm
302 996 406 1056 sectas
430 989 541 1056 dubito
563 1011 605 1056 an
633 996 762 1074 praeter
791 991 950 1056 stoicos
973 991 1052 1056 nulli
1075 992 1222 1058 usitatius

80 1088 167 1154 luerit
188 1110 283 1174 quam
307 1091 533 1174 Epicureae
555 1093 606 1167 (cf.
631 1093 727 1160 Useu.
752 1093 843 1176 llpic.
866 1093 926 1177 prf.
950 1112 981 1174 p.
997 1091 1140 1158 XXXVI
1152 1095 1222 1175 sq).

81 1188 163 1266 9000
184 1193 325 1276 suspicio
338 1194 470 1260 —certi
492 1195 575 1258 enim
600 1193 776 1276 quidquam
802 1193 909 1260 dicere
936 1213 1040 1276 neque
1062 1193 1167 1259 audeo
1191 1200 1223 1259 et

82 1289 139 1356 diei
160 1313 254 1376 posse
277 1315 361 1378 nego
385 1329 424 1339 -
448 1314 487 1361 eo
510 1297 712 1377 potisslmum
735 1293 987 1378 commendatur,
1011 1295 1098 1378 quod
1120 1296 1223 1361 altera

82 1412 118 1456 eu
137 1402 226 1477 parte
252 1417 315 1462 vox
338 1392 504 1480 σοφιστὴς
524 1395 611 1478 apud
634 1397 811 1479 Epicureos
834 1396 875 1462 de
899 1397 1072 1480 epidictico
1096 1403 1222 1462 oratore

81 1502 108 1557 et
127 1497 306 1579 'epidictico
335 1517 452 1581 genere
474 1517 578 1580 paene
601 1498 689 1563 solu
717 1519 756 1564 ac
779 1505 1019 1564 constanter
1041 1497 1221 1582 adhibetur,

81 1601 193 1662 tantum
223 1619 287 1665 non
316 1619 445 1684 prorsus
469 1600 599 1665 excluso
623 1600 852 1666 vocabulorum
876 1597 1038 1676 ἐπίδειξις
1061 1608 1092 1666 01
1115 1623 1223 1686 πονη-

80 1696 202 1780 γιρικὸς
224 1720 284 1766 usu
298 1703 335 1784 ¹),
358 1702 461 1768 altera
483 1720 525 1767 ex
547 1708 638 1786 parte
665 1700 753 1785 apud
775 1702 858 1767 alios
881 1701 1023 1768 rhetores
1046 1703 1099 1767 vel
1127 1703 1223 1785 primi

158 1855 180 1914 1)
198 1850 239 1904 110
256 1856 357 1904 temere
376 1851 476 1906 dixisse
494 1850 599 1915 videar,
618 1851 702 1904 hahes
720 1851 857 1918 exempla:
874 1854 941 1922 περὶ
959 1853 1158 1922 λογογραφίας
1174 1853 1223 1906 καὶ

79 1929 258 2001 ἐπιδείξεις
277 1935 360 2007 τέχνη
371 1929 388 2006 ἦ
401 1933 552 2006 σοφιστική
568 1953 594 2004 p.
607 1939 650 2003 48,
664 1938 704 1989 28,
724 1939 766 1997 99,
779 1938 820 1989 24.
842 1938 899 2000 122,
912 1938 954 1988 32.
984 1931 1089 2006 λόγους
1100 1930 1223 2007 γράφειν

78 2023 120 2073 καὶ
137 2017 281 2087 ἐπιδείξεις
298 2027 445 2077 ποιεῖσθαι
463 2039 491 2090 p.
505 2026 546 2086 tt,
561 2025 601 2074 29.
621 2026 662 2086 59,
680 2025 704 2073 4.
741 2017 773 2075 ἐν
791 2027 851 2075 ταῖς
870 2021 969 2085 δείξεσι
991 2021 1083 2082 (uerba
1101 2020 1223 2090 Epicurii

79 2119 101 2170 p.
114 2107 151 2171 32,
165 2110 205 2161 31.
241 2101 286 2163 διὰ
304 2103 449 2175 δυνάμεως
473 2105 605 2172 ἐπὶδειξιν
625 2110 780 2174 021014.
817 2101 982 2178 ῥητορεύειν
1000 2101 1075 2178 πρὸς
1091 2104 1223 2172 ἐπίδειξιν

78 2204 99 2254 p.
113 2193 167 2253 225,
181 2196 205 2246 9.
225 2223 257 2230 -
276 2196 328 2248 τοῦ
346 2192 425 2248 ἐπιδ
430 2182 591 2249 εικτικσῦ
607 2191 713 2262 μέρους
728 2195 778 2263 τῆς
790 2189 942 2264 ῥητορικῆς
954 2192 1024 2246 falso
1037 2182 1169 2263 scriptum
1181 2202 1223 2252 est

78 2288 92 2325 0
107 2273 186 2328 Sudh.
203 2292 231 2345 p.
248 2281 359 2342 10819,
378 2278 425 2330 ubi
443 2277 551 2331 omnino
570 2276 739 2330 desideratur
757 2279 906 2346 πολιτικοῦ
924 2279 951 2329 et
969 2279 1028 2330 iure
1047 2279 1222 2346 suppletura

78 2359 126 2412 viro
143 2361 222 2416 docto
235 2361 255 2413 1.
269 2362 303 2415 ab
317 2362 410 2414 Arnim
429 2362 472 2426 (de
484 2361 571 2416 restit.
584 2360 734 2416 Philodami
752 2361 784 2414 de
799 2361 869 2415 rhet.
883 2361 928 2415 lib.
942 2361 978 2427 Il,
996 2361 1126 2416 Rostochi
1150 2367 1221 2432 1893,

78 2459 100 2510 p.
116 2449 164 2513 ll);
181 2446 251 2499 idern
270 2462 319 2515 pro
337 2461 403 2500 voce
420 2441 610 2502 ἐπιδεικτικὸν
627 2462 654 2515 p.
669 2449 726 2512 199,
739 2450 772 2499 19
791 2461 807 2499 0
823 2445 975 2501 Sudhausio
993 2462 1048 2500 non
1065 2451 1139 2503 recte
1157 2449 1222 2502 sub·

79 2529 164 2584 0111010
183 2530 280 2586 scribit
302 2527 467 2587 πολειιικόν
489 2533 517 2595 tl.
535 2531 552 2585 l.
573 2549 599 2600 p.
615 2535 668 2599 11);
692 2545 741 2599 ego
761 2530 896 2585 volueram
920 2525 1087 2603 ἒνπρακτον
1110 2539 1222 2602 propter

77 2611 184 2668 litteram
202 2635 216 2672 ε
235 2616 387 2670 Sudhausio
405 2621 474 2671 teste
492 2624 633 2672 servatam.

155 2700 181 2756 oi
193 2705 434 2775 πανηγυρικολ
446 2698 568 2775 ῥήτορες
581 2704 707 2768 (fortusse
720 2702 800 2755 iidem
813 2718 873 2756 cum
886 2702 1025 2771 sophistis)
1038 2719 1064 2770 p.
1078 2707 1119 2767 14,
1133 2707 1174 2758 25.
1189 2733 1221 2744 -

78 2783 139 2853 μήτε
150 2781 183 2841 τὸ
197 2781 347 2843 πολιτικὸν
359 2791 392 2852 (ν.
406 2803 490 2856 supra
501 2804 529 2856 p.
543 2791 600 2852 158)
612 2784 683 2858 μήτε
695 2781 730 2842 τὸ
743 2781 888 2842 δικανικὸν
898 2782 969 2856 μήτε
983 2782 1016 2842 τὸ
1031 2782 1223 2857 πανηγυρικὸν

78 2868 156 2940 μέρος
172 2888 199 2940 p.
213 2876 261 2939 92,
281 2877 320 2927 18.
340 2877 386 2937 93,
405 2877 446 2926 29.
466 2877 508 2926 tt.
528 2877 574 2938 98,
595 2877 625 2926 18
644 2872 746 2926 (11010οι
769 2871 842 2924 haud
865 2871 947 2923 dubie
965 2876 1057 2924 estex
1075 2871 1222 2926 adversarii

79 2959 157 3009 mente
178 2957 289 3025 eiusque
312 2957 379 3026 ipsis
401 2957 489 3012 verbis
512 2959 639 3018 servatis;
663 2958 706 3010 vix
730 2957 807 3010 aliter
829 2955 1003 3010 iudicandum
1026 2955 1059 3008 dc
1076 2973 1102 3025 p.
1119 2960 1175 3020 199,
1189 2960 1221 3009 29

78 3041 105 3098 tl.
118 3040 150 3095 ab
161 3042 255 3095 Arnim
267 3058 293 3110 p.
307 3047 331 3108 1)
348 3037 416 3107 τοὺς
428 3039 636 3114 πανηγυρικοὺς
652 3045 699 3098 καὶ
713 3047 762 3114 τῆς
774 3041 872 3113 τέχνης
883 3040 1058 3112 μετέχοντας
1070 3043 1128 3095 τῶν
1141 3040 1223 3096 οὐδὲν

78 3123 295 3198 μετεσχηκότων.
313 3159 347 3166 -
365 3145 392 3196 p.
408 3131 465 3192 102,
480 3133 511 3182 20
522 3144 579 3197 sqq.
598 3129 698 3183 iniuria
710 3127 890 3182 Sudhausium
903 3131 935 3180 ut
947 3126 1015 3181 duas
1028 3125 1222 3180 (1100000000-

78 3209 169 3266 toricae
185 3218 278 3280 partes
297 3207 347 3284 τῖγν
369 3208 537 3284 σοφιστικὴν
555 3217 582 3266 01
600 3208 650 3283 τὴν
668 3208 860 3285 πανηγυρικὴν
884 3207 1038 3286 ῥητορικὴν
1061 3211 1223 3268 disiunxisse

78 3297 100 3345 et
115 3311 160 3364 ego
177 3298 366 3352 intellexeram
384 3299 514 3360 (scribere
532 3298 652 3352 volebam
672 3295 688 3366 ἢ
706 3295 757 3368 τὴν
775 3295 968 3370 πανηγυρικὴν
986 3305 1033 3352 001
1051 3314 1100 3368 pro
1120 3317 1223 3370 πανηγ.

78 3381 193 3448 supplere
211 3379 364 3454 δικανικήν,
383 3383 418 3438 cf.
431 3385 507 3439 locos
520 3399 604 3452 supra
616 3383 687 3436 laud.
707 3400 733 3450 p.
750 3388 807 3446 1581
826 3388 853 3436 01
871 3384 1037 3438 intellexisse
1055 3401 1127 3438 nunc
1145 3383 1223 3438 video

77 3478 96 3514 v.
114 3465 137 3519 9.
155 3469 189 3522 01)
206 3469 301 3522 Arnim
319 3469 346 3533 tl.
365 3468 383 3522 l.
402 3485 428 3538 p.
443 3473 482 3536 9),
501 3469 548 3537 qui
566 3471 629 3536 apte
647 3468 687 3521 ita
704 3469 754 3520 has
772 3468 885 3522 lineolus
904 3483 1001 3522 sanare
1020 3469 1084 3522 mihi
1102 3470 1220 3523 videtur:

77 3545 284 3623 ἀναμφιλέκτως
306 3553 362 3625 γὰρ
385 3551 416 3624 δὴ
441 3555 612 3626 παρίστησιν
634 3549 825 3622 ἐλεγχόμενον
845 3546 860 3607 ὁ
885 3545 1055 3623 Ἐπίκουρος
1076 3547 1129 3608 τὸν
1153 3553 1221 3609 νέον

77 3631 186 3703 ἐκεῖνον,
206 3636 239 3694 ἐκ
255 3638 373 3709 μελέτης
391 3635 543 3710 ῥητορικῆς
560 3632 655 3708 διττὴν
672 3633 789 3706 δύναμιν
807 3629 1057 3708 ἐπαγγελλόμενον
1074 3635 1220 3708 περιποιη-

79 3727 183 3790 σαοθαι,
201 3719 253 3794 τὴν
271 3718 464 3796 πανηγυρικὴν
481 3728 529 3779 καὶ
546 3719 598 3795 τὴν
615 3719 787 3793 πολειτικήν.
818 3723 913 3793 ltaque
926 3723 1006 3778 etiam
1022 3722 1066 3775 hic
1078 3737 1111 3775 ex
1123 3723 1220 3776 adver-

79 3808 133 3860 sarii
145 3809 279 3864 sententia
291 3825 341 3862 vos
354 3829 455 3880 πανηγ.
469 3809 541 3862 dicta
553 3811 602 3862 est.
632 3808 676 3862 Ex
687 3808 755 3862 locis
767 3809 847 3863 uimIs
859 3809 984 3863 laceratis
1001 3823 1028 3874 p.
1043 3810 1066 3872 3,
1080 3811 1103 3860 6.
1123 3810 1165 3871 94,
1180 3811 1219 3860 13.

78 3894 132 3959 283,
152 3899 191 3950 19.
217 3897 280 3959 285,
298 3898 313 3948 8
331 3894 369 3946 011
387 3894 532 3948 lucramur.
567 3893 669 3962 Nequit
686 3894 769 3962 igitur
792 3895 902 3963 probari
920 3894 954 3946 ab
972 3891 1059 3960 ipsis
1077 3891 1220 3960 Epicureis

77 3980 189 4034 technice
206 3980 315 4034 tertium
339 3995 423 4046 genus
445 3983 569 4034 vocatum
591 3993 652 4032 esse
677 3973 879 4051 πανηγυρικόν.
915 3976 1006 4029 Nihilo
1025 3979 1115 4028 tamen
1133 3974 1219 4028 miuus

77 4064 139 4118 tertii
155 4065 260 4132 generis
278 4067 471 4136 πανηγυρικοῦ
489 4064 620 4132 appellati
637 4064 791 4132 antiquiora
809 4063 851 4116 his
869 4061 1021 4116 testimonia
1039 4060 1140 4129 ignoro.
