3004 4886
247 307 308 362 210
658 307 771 362 Carolus
789 307 995 362 Brandstaetter

246 477 343 562 κάρί,
367 475 438 545 ἐστὶ
462 477 628 564 σοφιστὴς
649 481 705 544 καὶ
728 475 838 566 ῥήρωρ
859 468 880 565 ἢ
904 476 996 565 ἐγγύς
1018 505 1052 545 τι
1074 480 1129 544 καὶ
1152 479 1406 568 παραπλήσιον,

247 573 362 668 ὥσπερ
386 577 447 665 ἐγώ
472 579 584 666 ἔλεγον
607 579 694 666 πρὸς
715 581 848 660 Πιῦλον,
879 601 962 666 quac
986 603 1065 650 cave
1088 585 1134 648 ita
1155 585 1298 668 accipias
1312 588 1342 668 ιλ,
1371 593 1407 650 ut

245 685 374 750 Platoni
397 685 562 770 σοφιστοῦ
583 705 699 751 nomen
722 705 793 752 eum
809 682 949 770 ῥήτορος
971 704 1075 768 paene
1096 686 1183 752 idem
1197 687 1307 752 valere
1330 707 1406 754 con·

246 787 368 853 eludas.
399 787 490 854 Haec
501 788 587 853 enim
600 789 701 854 verba
712 788 931 871 intellegenda
943 795 1015 854 sunt
1030 808 1072 854 cx
1087 788 1184 872 Gorg.
1196 809 1227 873 p.
1241 791 1406 872 464Bsq.,

245 889 301 954 ubi
323 887 533 974 sophisticam
556 896 588 955 et
609 890 801 956 rhetoricam
824 896 933 974 partes
956 896 1123 973 utramque
1147 911 1218 958 esse
1240 893 1300 978 τῆς
1322 893 1404 974 ττερὶ

246 991 356 1076 ψυχῆς
376 991 552 1066 κολακείας
568 993 689 1058 ῬοΙοιο
705 991 855 1058 Socrates
878 992 997 1058 docuit.
1014 1027 1053 1038 -
1070 993 1108 1058 In
1132 993 1245 1059 codem
1270 994 1404 1076 dialogo

244 1092 334 1158 Poli
363 1092 529 1177 sophistae
562 1093 724 1160 rhetorica
757 1094 865 1160 studia
898 1101 1187 1160 commemorantur
1215 1117 1246 1178 p.
1267 1099 1332 1160 448
1356 1097 1404 1160 D:

247 1194 369 1270 Πῶλος
396 1191 457 1277 τὴν
486 1195 692 1280 καλουμένην
722 1192 897 1281 ῥητορικὴν
919 1195 1048 1276 μᾶλλον
1077 1197 1258 1282 μεμέληκεν
1282 1185 1302 1282 ἢ
1328 1198 1404 1262 δια-

245 1295 406 1379 λέγεσθαι
420 1298 473 1373 (ci.
490 1297 588 1380 Gorg.
604 1319 635 1382 p.
653 1303 712 1361 471
730 1299 781 1382 D),
805 1298 890 1364 unde
914 1300 1018 1365 elucet
1040 1298 1083 1366 ad
1105 1298 1321 1382 sophistarum
1337 1310 1403 1366 stu·

244 1399 333 1464 dium
356 1399 536 1466 rhetoricae
559 1401 781 1466 tractationem
797 1401 968 1484 pertinere,
992 1421 1056 1466 non
1079 1421 1163 1485 cum,
1187 1403 1241 1484 qui
1264 1402 1403 1470 rhetori·

244 1521 315 1566 oam
339 1507 464 1584 tractat,
487 1509 619 1586 propter
640 1501 675 1566 id
690 1503 796 1585 ipsum
818 1501 997 1586 sophistam
1019 1503 1141 1570 audire.
1179 1505 1216 1570 In
1233 1503 1401 1589 Gratylo

244 1605 287 1684 (p.
305 1604 366 1668 398
382 1603 475 1685 Dl2),
508 1604 564 1668 uhi
592 1605 766 1686 iunguntur
794 1605 895 1670 verba
920 1598 1090 1690 (ῥητόρων
1119 1607 1175 1670 καὶ
1197 1600 1400 1692 σοφιστών’,

246 1725 313 1770 vox
336 1706 509 1792 σοφιστῶν
531 1706 701 1772 referenda
723 1705 836 1772 estad
858 1707 1083 1774 antecedentia
1105 1710 1205 1774 verba
1234 1708 1401 1774 διαλεκτι-

243 1807 297 1871 καὶ
321 1803 448 1890 ἐρωτᾶν
472 1805 580 1872 ἱκανοὶ
602 1801 696 1883 ὄντες
715 1814 747 1874 et
763 1805 968 1892 ἑρωτητικοί.
1012 1809 1095 1875 ibid.
1111 1831 1142 1894 p.
1159 1814 1221 1875 403
1236 1812 1263 1876 Ε
1279 1812 1399 1878 Pluto

241 1909 355 1984 τέλεος
378 1907 544 1995 σοφιστὴς
566 1917 699 1976 vocatur
726 1919 913 1995 propterea,
944 1913 1030 1995 quod
1053 1933 1178 1996 omnes,
1208 1916 1264 1998 qui
1286 1915 1330 1980 ad
1352 1918 1398 1980 io·

242 2013 329 2078 ieros
352 2010 604 2092 descenderunt,
635 2015 790 2080 orationis
818 2033 896 2080 suae
924 2015 1152 2082 blandimentis
1174 2037 1215 2083 ac
1236 2019 1398 2083 suavitate

241 2115 288 2178 ita
321 2114 498 2198 demulcet,
532 2123 568 2179 ut
600 2116 718 2181 reverti
751 2117 998 2198 obliviscantur;
1031 2138 1220 2184 revocamur
1251 2120 1397 2202 profecto

240 2216 284 2280 ad
313 2217 474 2283 orationes
505 2218 578 2283 illas
607 2219 830 2285 ostentationis
860 2226 893 2283 ct
921 2219 1145 2287 delectationis
1168 2241 1266 2288 causa
1288 2223 1396 2288 elabo-

241 2325 338 2401 ratas,
362 2339 446 2401 quac
469 2326 562 2385 sunt
583 2319 816 2404 sophistarum,
839 2340 900 2388 nec
922 2323 995 2405 plns
1019 2342 1096 2388 vero
1119 2323 1196 2389 inde
1218 2323 1395 2407 quidquam

243 2421 313 2485 iure
342 2422 488 2486 eviceris.
532 2420 700 2487 Addamus
729 2442 825 2487 unum
855 2424 961 2490 locum
991 2423 1169 2490 Phaedri
1198 2427 1240 2509 (p.
1258 2428 1320 2489 257
1335 2426 1392 2502 Dl:

240 2520 273 2584 οἱ
307 2523 479 2603 μέγιστον
497 2519 675 2604 δυνάμενοί
706 2546 743 2587 τε
775 2525 832 2588 καὶ
862 2523 1062 2606 σεμνότατοι
1090 2524 1124 2592 ὲν
1152 2538 1227 2602 ταῖς
1255 2525 1395 2592 πόλεσιν

242 2618 454 2699 αἰσχύνονται
477 2619 594 2706 λόγους
608 2647 645 2687 τε
665 2623 808 2710 γράφειν
832 2627 958 2702 (litteris
974 2627 1139 2705 mandate)
1160 2629 1216 2692 καὶ
1238 2630 1395 2694 καταλεί-

238 2745 316 2786 ττειν
340 2721 578 2807 συγγράμματα
601 2722 736 2806 ἑαυτῶν,
760 2725 860 2803 δόξαν
876 2725 1080 2811 φοβούμενοι
1095 2731 1155 2793 τοῦ
1177 2727 1295 2795 ἐ’τσειτα
1316 2729 1394 2812 χρό-

239 2849 306 2904 νου,
330 2822 373 2908 μὴ
399 2828 607 2912 σοφισταὶ
629 2829 811 2907 καλῶνται,
843 2830 929 2913 quod
952 2831 1028 2896 inde
1050 2833 1293 2916 explicandum,
1317 2835 1394 2916 quia

240 2930 381 2994 omnium
405 2929 623 3013 sophistarum
647 2951 816 2997 commune
839 2939 871 2997 et
893 2934 984 3015 quasi
1007 2935 1171 3017 proprium
1194 2942 1278 3018 erat,
1307 2937 1394 3020 qood

238 3026 451 3106 ἐπίδειξιν
484 3052 548 3097 uno
577 3034 677 3098 verho
706 3034 784 3099 licet
811 3041 931 3100 notare.
976 3035 1025 3100 Dc
1053 3036 1275 3104 technica
1304 3040 1395 3105 vocis

239 3131 405 3217 σοφιστὴς
423 3135 630 3218 usurpatione
645 3155 686 3200 ne
702 3133 777 3201 hinc
793 3136 923 3218 quidem
939 3137 1115 3220 quidquam
1131 3140 1207 3206 licet
1228 3141 1394 3224 opinarii)

325 3304 349 3364 l)
366 3299 408 3352 Ne
426 3299 625 3369 Stephanus
644 3301 752 3370 quidem
770 3318 824 3356 non
842 3303 947 3356 videtur
964 3303 1093 3372 deceptus
1111 3319 1170 3358 esse
1187 3305 1229 3358 his
1246 3307 1344 3371 verbis,
1362 3313 1395 3360 ut

235 3389 351 3452 apparet
368 3399 401 3438 ex
418 3385 499 3438 lexici
516 3385 568 3438 vol.
588 3384 640 3439 Vll
662 3403 689 3456 p.
704 3392 753 3440 530
765 3388 793 3442 Ο.
829 3387 920 3440 Etiam
940 3389 1207 3444 Baumstarkins
1225 3391 1254 3444 in
1272 3391 1393 3460 Paulyi

235 3469 339 3538 encycl.
356 3483 409 3522 rer.
429 3473 485 3524 aut.
505 3469 546 3523 lII
563 3485 590 3538 p.
605 3475 654 3525 908
680 3471 750 3526 falso
771 3471 838 3526 dicit
861 3488 940 3527 voces
964 3469 1063 3546 ῥήτωρ
1081 3479 1109 3528 et
1126 3470 1266 3546 σοφιστὴς
1283 3475 1392 3531 Socrati

235 3569 398 3625 synonymas
416 3553 478 3609 dici.

319 3643 344 3704 2)
362 3642 411 3695 καὶ
427 3634 492 3710 ἤτοι
510 3644 597 3698 τοῦτο
616 3640 692 3713 λέγει
709 3637 777 3709 τοὺς
793 3634 898 3717 ἥρωας,
915 3633 993 3714 ridor
1007 3648 1095 3715 σοφοὶ
1112 3635 1187 3717 ἦσαν
1202 3648 1251 3701 καὶ
1269 3642 1391 3719 ῥήτορες

233 3727 319 3780 δεινοὶ
332 3727 382 3780 καὶ
394 3727 573 3792 διαλεκτικοί,
591 3723 705 3800 ἐρωτᾶν
716 3726 811 3785 ἱκανοὶ
825 3725 920 3793 ὄντες·
939 3723 1044 3801 τὸγὰρ
1062 3725 1176 3802 εἷ’ρειν
1192 3730 1286 3802 λέγειν
1302 3729 1391 3788 ἐστίν.

233 3799 307 3878 ὅπερ
321 3799 373 3865 οὖν
385 3804 452 3880 ἄρτι
469 3807 614 3882 ἐλέγομεν,
632 3809 664 3868 ἐν
676 3816 711 3883 τῇ
727 3807 837 3885 Ἀττικῇ
853 3817 937 3884 φωνῇ
954 3807 1105 3884 λεγόμενοι
1119 3813 1147 3870 οὶ
1158 3805 1251 3885 ἥρωες
1268 3811 1392 3889 ῥήτορές

232 3913 307 3960 τινες
318 3897 367 3949 καὶ
379 3891 547 3968 ἐρωτητικοὶ
565 3898 779 3968 συμβαίνουσιν,
798 3889 873 3956 ὥστε
891 3893 1055 3970 ῥητόρων
1072 3903 1130 3956 καὶ
1149 3905 1329 3972 σοφιστῶν
1346 3902 1392 3972 γε’-

232 3997 282 4044 νος
299 3981 427 4050 γίγνεται
444 3977 479 4038 τὸ
497 3976 627 4054 ἡρωϊκὸν
644 3986 743 4053 φῦλον.

319 4070 345 4131 3)
362 4064 507 4120 Praeterea
525 4083 542 4122 a
560 4067 675 4122 Platone
698 4067 836 4136 sophistae
859 4068 968 4123 nomine
989 4069 1164 4137 appellantur
1188 4076 1317 4138 septem
1334 4085 1389 4125 sa·
