3004 4886
241 297 284 350 De
301 295 442 350 notionum
459 294 607 360 πολιτικὸς
626 299 652 349 et
671 291 808 366 σοφιστὴς
825 310 877 349 usu
894 295 1039 353 rhetorico.
1153 297 1214 352 227

59 467 236 533 artioribus
260 469 535 553 circumscriptam
558 487 638 534 essa.
672 469 751 534 Ille
773 468 857 534 anim
874 465 1020 552 sophista
1033 487 1096 534 non
1112 469 1215 535 solum

59 567 254 652 rhetoricae,
278 570 337 636 sed
360 571 456 636 etiam
472 569 571 652 (quod
587 569 690 636 maius
706 575 738 635 at
753 571 806 634 val
828 570 990 652 proprium
1005 571 1084 646 arat)
1101 572 1214 654 omnis,

59 689 151 752 quaa
172 671 214 736 ad
237 673 324 738 vitea
348 672 518 738 utilitatem
542 677 676 754 spectat,
706 672 859 738 scientiae
883 671 1035 754 magister
1058 678 1134 754 arat,
1161 671 1214 738 bic

58 792 144 838 varo
173 773 287 840 latiore
316 775 374 840 illa
402 782 434 840 et
463 781 627 856 tamquam
649 774 824 839 universali
846 774 1045 856 professione
1068 773 1215 857 deposita

57 893 126 939 non
153 882 208 959 est,
233 877 296 942 nisi
320 875 565 959 epidicticarum
589 876 766 941 orationum
783 882 815 940 at
829 876 946 942 artifex
962 881 994 942 at
1014 883 1213 960 praeceptor,

59 999 126 1044 non
152 997 282 1062 prorsus
305 983 427 1043 tantum
450 979 598 1059 neglecto
622 977 710 1042 civili
734 975 863 1042 dicendi
885 995 1013 1059 genere.
1046 978 1115 1042 Iam
1133 978 1215 1044 inter

62 1079 232 1162 sophistae
261 1099 378 1145 nomen
408 1079 464 1144 illo
493 1079 608 1144 latiore
638 1086 669 1143 et
703 1076 764 1144 hoc
791 1079 975 1159 angustiora
1004 1097 1099 1144 sensu
1126 1099 1213 1145 usur-

60 1190 175 1263 patum
199 1183 292 1265 qnasi
316 1180 490 1246 medium
512 1181 646 1247 locum
670 1187 778 1246 tenere
802 1187 833 1244 et
855 1179 991 1263 copulae
1013 1181 1113 1246 instar
1135 1180 1213 1245 mihi

59 1282 295 1366 videturesse,
320 1301 415 1365 quam
439 1281 534 1348 modo
558 1282 731 1365 tetigimus,
758 1282 876 1347 locutio
901 1277 1121 1367 ῥητορικὸς
1144 1301 1214 1346 σο-

60 1383 230 1470 φιστής.
277 1385 534 1451 Consentaneum
558 1384 642 1450 enim
665 1384 910 1466 linguarumque
938 1385 1065 1467 legibus
1088 1405 1212 1450 accom-

62 1485 228 1552 modatum
259 1493 325 1569 ast,
356 1487 383 1552 si
411 1491 561 1569 putamus
591 1486 730 1568 primum
759 1486 909 1569 apposito
931 1485 1093 1553 adiectivo
1117 1484 1214 1572 ῥητο-

61 1585 157 1663 ρικὸς
178 1589 325 1654 latiorem
345 1590 434 1654 vocis
450 1583 615 1673 capraccia
637 1606 765 1652 sensum
787 1589 1021 1653 restrictum
1044 1609 1125 1671 θεεθ,
1148 1596 1213 1654 tum

62 1709 140 1755 vero
163 1692 216 1756 val
246 1690 365 1757 omisso
396 1689 456 1756 hac
486 1689 768 1772 determinatione,
798 1695 833 1753 ut
855 1689 922 1755 iare
944 1689 994 1772 fit,
1021 1711 1134 1756 vocam
1157 1711 1214 1754 σο-

61 1789 182 1878 φιστὴς
204 1793 322 1858 artiore
346 1793 379 1858 vi
401 1790 550 1858 adhiberi
573 1810 644 1856 esse
668 1797 830 1874 coeptam,
861 1811 924 1871 qua
952 1791 1038 1874 apud
1061 1791 1213 1858 Philoda-

61 1913 148 1958 mum
172 1894 291 1976 ubique
312 1894 461 1978 praedita
483 1899 540 1959 ast.

149 1996 243 2062 Hunc
265 2015 361 2077 varo,
391 2015 485 2078 quem
515 1998 547 2060 in
571 1993 755 2060 Philodami
778 1993 993 2060 voluminibus
1017 2001 1211 2062 constantem

62 2098 254 2182 invenimus,
276 2098 405 2164 dicandi
421 2117 512 2162 usum
528 2117 592 2162 non
607 2096 703 2180 primi
719 2116 748 2161 a.
765 2094 838 2162 cnr.
855 2117 885 2160 n.
902 2097 1022 2162 saeculi
1038 2099 1211 2182 proprium,

64 2200 121 2264 sad
145 2201 246 2265 multo
270 2201 550 2282 antiquiorem
574 2217 645 2265 essa
673 2218 731 2281 pro
755 2205 841 2264 certo
863 2196 996 2264 alfirmo.
1035 2197 1106 2276 Qua
1128 2201 1159 2264 in
1177 2219 1212 2266 re

63 2303 200 2381 primum
217 2302 333 2385 delego
350 2309 380 2367 te
403 2301 446 2367 ad
464 2320 512 2382 ea,
536 2320 619 2384 quae
643 2300 803 2385 inpriore
827 2307 962 2365 tractatu
985 2300 1123 2367 dicenda
1145 2303 1210 2367 fua·

63 2409 133 2469 runt
161 2425 193 2488 p.
211 2408 271 2469 153
288 2423 335 2486 sq.
380 2404 554 2488 Epicurum
581 2403 666 2468 anim
696 2401 811 2468 eodem
840 2421 935 2468 sensu
965 2401 1026 2468 hoc
1055 2404 1212 2470 vocabulo

64 2523 155 2570 usum
178 2526 249 2573 asse
272 2527 343 2572 cum
376 2526 418 2572 ex
446 2504 539 2570 huius
567 2505 668 2588 ipsius
691 2503 877 2569 delinitione
899 2504 1094 2587 sophisticae
1117 2526 1213 2591 supra

64 2611 104 2690 (p.
122 2611 197 2686 216)
221 2608 363 2692 laudata,
387 2617 452 2673 tum
476 2628 516 2673 ex
540 2613 607 2673 tota
629 2606 739 2672 indole
762 2605 954 2688 Philodami,
978 2609 1101 2674 scilieet
1120 2610 1212 2693 Epi·

66 2713 178 2776 curci
211 2709 414 2794 philosophi,
448 2715 600 2794 apparet,
635 2709 690 2792 qui
719 2728 917 2773 communem
948 2708 1042 2776 huius
1071 2711 1212 2777 familiae

66 2830 184 2878 morem
210 2819 338 2880 secutus
360 2832 424 2877 non
447 2812 493 2878 ibi
515 2813 629 2889 solum,
659 2811 715 2876 ubi
737 2810 881 2892 magistri
904 2811 973 2876 siva
996 2812 1062 2873 τῶν
1086 2803 1212 2895 ἀνδρῶν

65 2916 190 2980 nomina
218 2914 338 2980 diserte
367 2914 502 2998 apponit
516 2917 552 2996 ¹),
587 2935 629 2980 ax
657 2913 811 2996 magistro
838 2912 958 2996 pandat
984 2914 1116 2996 eiusque
1138 2913 1211 2980 duc·

65 3015 176 3082 trinam
204 3014 343 3082 fideliter
372 3022 480 3082 serrat
501 3052 543 3062 —
565 3016 679 3082 videas
703 3013 886 3081 Philodami
913 3016 1012 3082 verba
1033 3036 1064 3100 p.
1083 3018 1131 3100 12,
1159 3017 1211 3083 18;

151 3203 176 3266 1)
193 3199 252 3254 scil.
270 3199 299 3252 in
317 3198 470 3253 definienda
493 3199 641 3266 sophistica
658 3215 684 3268 p.
702 3203 743 3264 48,
763 3203 804 3254 31.
830 3203 871 3265 50,
890 3203 931 3254 33.
950 3203 992 3266 68,
1012 3204 1041 3253 12
1063 3201 1146 3269 (apud
1162 3217 1213 3256 nos

65 3296 145 3351 supra
162 3301 187 3353 p.
202 3288 271 3350 216),
291 3284 327 3339 cl.
345 3300 372 3352 p.
392 3290 434 3348 11,
452 3289 494 3338 26.
514 3288 555 3350 66,
575 3289 615 3338 13.
633 3315 666 3322 -
685 3284 727 3337 De
745 3283 874 3352 sophistis
893 3285 995 3338 civilem
1013 3289 1099 3339 artam
1115 3286 1213 3342 iniuria

65 3366 112 3422 sibi
130 3369 322 3438 arrogantibus
339 3386 365 3438 p.
379 3373 421 3436 32,
435 3373 466 3422 26
487 3369 571 3437 (apud
588 3384 638 3424 nos
655 3385 683 3438 p.
697 3373 744 3422 211
765 3375 792 3421 θῖ
810 3372 878 3432 216).
914 3368 956 3422 Da
973 3370 1101 3437 sophistis
1119 3371 1213 3440 enthy-

66 3462 177 3509 memata
193 3454 375 3510 tractantibus
393 3472 419 3524 p.
435 3457 475 3522 18,
491 3459 522 3508 16
541 3454 625 3524 (apud
642 3469 693 3508 nos
710 3470 737 3522 p.
751 3457 820 3518 2181.
856 3453 898 3506 Ι)θ
916 3468 1010 3506 acrum
1028 3454 1168 3522 disciplina
1186 3458 1212 3508 in

66 3538 215 3595 universum
232 3557 261 3608 p.
274 3544 318 3608 32,
331 3544 363 3594 20
374 3555 412 3608 sq.
432 3541 515 3609 (apud
528 3556 578 3594 nos
592 3543 660 3605 221),
690 3538 794 3607 Quibus
807 3537 961 3592 nominibus
980 3541 1091 3607 propter
1108 3539 1214 3592 schola·

66 3621 155 3678 stiuam
178 3626 246 3680 artis
270 3625 462 3679 tractationem
488 3624 521 3678 da
545 3625 578 3678 iis
601 3624 737 3693 Epicurus
762 3639 828 3678 usus
855 3623 903 3688 sit,
928 3622 1099 3677 Philodamus
1122 3622 1215 3676 laudat

66 3719 90 3770 p.
103 3713 143 3777 16,
156 3713 239 3779 lsqq.
267 3710 358 3764 Etiam
376 3709 507 3777 exempla,
527 3724 596 3778 quae
614 3709 771 3775 afferuntur,
792 3708 952 3776 plerumque
969 3707 1023 3762 iam
1040 3708 1075 3762 ab
1094 3707 1213 3774 Epicuro

66 3790 145 3850 allata
160 3795 247 3850 inissa
267 3794 407 3865 probabile
425 3797 475 3848 ast.
510 3794 552 3848 Da
570 3794 728 3849 Philodamo
752 3809 870 3848 savera
892 3799 1002 3849 tanente
1019 3793 1131 3862 Epicuri
1149 3792 1213 3848 doc·

67 3875 160 3936 trinam
173 3887 270 3937 contra
282 3879 469 3934 Hirzelium
487 3882 601 3948 (quaest.
614 3880 626 3932 I
639 3895 665 3948 p.
681 3884 727 3932 111
739 3883 808 3947 sqq.)
820 3884 848 3933 et
860 3879 1087 3947 Duaningium
1101 3879 1145 3944 (de
1158 3880 1215 3934 Me-

68 3963 164 4021 trouori
181 3966 311 4036 Epicurei
334 3965 390 4020 rita
407 3967 435 4018 et
453 3965 563 4034 scriptis
580 3965 654 4032 Lips.
681 3967 743 4018 1870
768 3981 795 4032 p.
809 3966 841 4017 36
860 3970 888 4017 θῖ
905 3981 930 4033 p.
944 3969 986 4030 26)
1009 3964 1069 4019 iure
1086 3964 1216 4035 pugnavit

70 4041 186 4105 Koarte
203 4051 220 4104 l.
239 4051 257 4106 l.
277 4068 302 4120 p.
317 4054 462 4104 652-651.

1013 4136 1059 4188 15*
