3004 4886
198 360 202 366 .
255 323 316 379 240
669 321 781 376 Carolus
801 319 992 374 Brandtaetter

255 495 461 578 exemplis
484 493 659 579 propositis
674 491 717 557 ad
732 492 917 558 facultatem
942 490 1071 558 dicendi
1093 492 1270 577 discipulos
1293 491 1414 575 perdu-

255 598 419 680 cebantb,
451 615 645 679 quamquam
667 614 708 662 ne
731 614 841 660 eorum
867 593 998 677 quidem
1030 594 1250 661 desideramus
1271 596 1413 678 copiam,

256 699 311 782 qui
334 697 498 765 technicos
522 698 621 764 libros
650 698 914 780 componerent.²)
959 696 1052 762 Hanc
1078 696 1283 780 disciplinam
1305 694 1413 761 rheto-

255 803 355 868 ricam
377 801 405 866 si
420 819 483 865 non
505 799 594 882 apud
616 817 735 880 omnes,
759 804 845 864 certe
868 797 955 883 apud
978 799 1095 864 multos
1118 797 1279 864 etiamad
1303 797 1414 863 iudi·

255 903 365 968 ciale
387 921 513 984 genus
536 935 577 946 -
600 899 846 965 deliberativum
875 901 961 965 enim
986 919 1090 982 paene
1119 900 1291 965 evanuisse
1314 919 1414 982 supra
1490 951 1491 956 ,

256 1003 546 1090 11111111111111
561 1002 633 1086 ipso
648 999 826 1084 sophistico
841 1002 1014 1067 maximam
1037 1008 1160 1084 partem
1176 1001 1327 1067 haustum
1344 1008 1415 1066 erat

254 1137 297 1148 -
319 1110 481 1188 spectasse
504 1105 581 1170 satis
603 1102 744 1168 firmatur
767 1104 925 1186 exemplis
947 1103 1081 1169 Nicetae
1103 1103 1267 1180 (Philostr.
1291 1123 1322 1169 v.
1347 1124 1373 1168 s.
1398 1103 1413 1166 I

258 1207 305 1289 19,
322 1205 365 1290 2),
389 1205 573 1289 Scopeliaui
595 1204 684 1279 (ibid.
701 1205 938 1288 1215111111),
955 1206 1132 1271 Ptolemaei
1147 1205 1237 1280 (ibid.
1253 1205 1286 1270 ΙΙ
1305 1209 1355 1287 15,
1372 1206 1411 1287 1),

253 1308 419 1391 Apollonii
441 1307 644 1390 1111111120,
664 1308 703 1388 1),
726 1306 892 1373 Heliodori
915 1305 1052 1382 (11111111
1068 1309 1107 1371 32
1130 1311 1232 1391 exta),
1258 1308 1411 1373 Damiani
1491 1363 1492 1392 ,

256 1409 345 1489 (ibid.
361 1410 393 1474 Il
409 1412 459 1492 23,
476 1410 518 1491 4),
540 1408 726 1474 Philostrati
748 1408 838 1484 (ibid.
854 1409 953 1492 1133,
969 1411 1011 1485 4).
1030 1460 1034 1471 ,

341 1511 469 1576 (lartum
493 1512 663 1594 igiturest,
687 1517 721 1575 ut
736 1511 769 1574 in
783 1517 926 1576 nostrum
941 1531 1033 1576 nsum
1056 1512 1148 1594 quasi
1172 1512 1331 1576 calculum
1356 1531 1410 1593 po·

254 1631 384 1696 namus,
416 1612 564 1678 iisdem
587 1613 859 1694 temporibus,
890 1613 1037 1695 quibus
1061 1619 1100 1678 11
1121 1632 1251 1677 rerum
1273 1612 1410 1694 publi-

255 1734 388 1780 carum
419 1713 663 1780 condicione
687 1720 725 1779 et
745 1715 1003 1798 ingeniorum
1033 1715 1173 1780 indole
1196 1720 1234 1780 et
1256 1715 1410 1798 impetu

255 1816 426 1898 quodam
461 1818 571 1882 aucti
604 1824 790 1882 oratores
828 1815 1050 1899 epidictici
1083 1816 1202 1881 simul
1235 1814 1409 1881 docendi

254 1918 441 2001 partibus
464 1919 1296 2002 susceptisquasiducesesselitterarum
1320 1936 1408 1982 coe·
1492 1917 1493 1988 l

254 2005 417 2104 parunt,
441 2039 581 2086 nomen
603 2020 881 2104 sophistarum
905 2021 1044 2086 statim
1068 2021 1190 2103 vulgo
1213 2021 1409 2085 usitatum
1492 2041 1493 2044 ¹

255 2120 537 2187 deiisfuisse.
588 2114 590 2118 ’

340 2223 409 2288 Iam
430 2230 573 2288 nostrum
596 2230 659 2307 est,
688 2243 752 2306 qua
773 2225 897 2289 ratione
919 2224 1007 2307 apud
1030 2230 1192 2290 1111111
1215 2229 1409 2288 auctores

255 2324 330 2389 inde
345 2345 366 2390 a
382 2325 487 2390 Dione
503 2324 584 2391 haec
598 2326 685 2392 notio
701 2345 736 2390 se
752 2325 874 2408 offerat,
896 2326 1124 2392 demonstrare.
1146 2313 1221 2392 *sad
1236 2331 1409 2406 antequam

255 2424 338 2492 hano
360 2428 559 2509 provinciam
588 2429 816 2512 suscipiamus,
846 2449 888 2494 11
909 2449 969 2496 usu
991 2427 1070 2492 mihi
1093 2427 1221 2493 videtur
1243 2445 1408 2510 quaerere,
1493 2444 1494 2514 3

255 2527 332 2609 qnid
348 2529 454 2610 ipsis
469 2531 682 2595 veteribus
700 2531 923 2596 auctoribus
939 2531 1145 2613 proprium
1161 2529 1253 2612 quasi
1269 2536 1303 2594 et
1317 2547 1407 2611 prae·

257 2630 386 2713 cipuum
410 2631 514 2696 visum
537 2632 587 2716 sit,
611 2652 667 2698 cnr
688 2633 889 2715 potissimum
906 2633 1006 2698 alicui
1027 2651 1145 2697 nomen
1167 2629 1333 2714 sophistae
1355 2631 1408 2695 tri·

256 2731 417 2796 huendum
447 2741 627 2800 censerent:
656 2735 776 2816 ubique
806 2735 890 2799 enim
917 2733 951 2797 iu
973 2734 1030 2798 tali
1055 2733 1194 2799 notionis
1222 2731 1407 2798 definitione

253 2831 495 2900 adventicia
528 2836 726 2902 secernenda
753 2841 826 2901 sunt
853 2836 895 2900 ab
925 2835 981 2917 iis,
1015 2854 1098 2917 quae
1128 2841 1200 2900 sunt
1228 2835 1407 2917 genuina

254 2936 346 3017 quasi
373 2957 411 3002 ac
433 2939 580 3020 propria,
610 2939 638 3004 si
667 2939 762 3003 modo
792 2956 931 3003 errorem
960 2937 1071 3019 fugere
1100 2937 1257 3002 volumus.
1302 2937 1405 3019 Atque

255 3056 296 3101 ex
319 3036 382 3103 hoc
403 3039 605 3121 potissimum
633 3039 753 3105 iudicio
783 3039 903 3122 pendet
923 3044 992 3106 tota
1017 3039 1237 3121 interpretatio
1265 3037 1406 3104 adiec-

253 3139 331 3204 tivi
355 3136 564 3223 σοφιστικός.
770 3129 771 3134 ¹

340 3241 378 3304 Iu
393 3239 454 3306 hac
470 3240 704 3325 disceptatione
727 3249 906 3327 opportune
924 3243 1053 3309 obviam
1069 3240 1149 3306 mihi
1163 3240 1253 3307 venit
1267 3239 1404 3307 Philo-

253 3347 424 3424 stratus,
448 3362 554 3426 quem,
577 3345 654 3426 quia
670 3363 711 3409 11
726 3345 869 3410 instituto
885 3344 926 3411 de
948 3343 1101 3428 sophistis
1123 3342 1261 3428 scripsit,
1285 3343 1339 3408 vel
1354 3362 1403 3408 ne·

343 3480 365 3544 1)
392 3477 448 3531 Iam
470 3477 616 3544 intellegis,
643 3492 692 3531 cur
714 3477 896 3530 Philostratus
922 3478 1079 3546 plerumque
1105 3490 1160 3530 nou
1184 3469 1332 3546 μαθητάς,
1360 3475 1404 3529 scd

253 3557 538 3634 exacerbacione
556 3564 620 3618 item
633 3556 798 3635 ἀκροᾶσθαι
811 3556 987 3631 ‘discipulum
999 3557 1067 3616 esse'
1083 3561 1111 3616 11
1123 3563 1165 3626 at,
1178 3563 1203 3614 3.
1223 3563 1266 3627 25,
1282 3566 1304 3615 t.
1324 3565 1365 3628 26,
1376 3565 1403 3630 ὃς

253 3640 395 3718 ἀκρόασις
409 3642 565 3716 ‘disciplina
583 3637 738 3717 sophistica'
751 3647 778 3700 Il
791 3651 832 3715 21,
845 3650 869 3702 3.
889 3651 930 3714 26,
944 3652 968 3701 6.
986 3647 1055 3713 123,
1069 3653 1098 3715 13
1116 3644 1170 3704 οὐκ
1187 3638 1317 3716 ἀνήκοον
1334 3643 1405 3704 εἶναι’

253 3728 451 3798 rrvoc‘scbolis
463 3733 579 3788 alienius
591 3725 642 3788 uti’
655 3733 682 3786 11
695 3737 719 3788 2.
744 3733 786 3786 De
797 3732 928 3788 similibus
941 3733 1189 3802 Epicureorum
1201 3733 1323 3786 terminis
1335 3734 1370 3788 cl.
1383 3750 1403 3788 s.

251 3833 278 3884 p.
292 3821 342 3871 219
359 3818 421 3874 adn.
442 3825 464 3874 l.

340 3908 366 3970 2)
384 3905 577 3973 Hermogenes,
599 3904 717 3972 Apsincs
735 3904 781 3968 (cl.
799 3903 906 3973 Eunap.
925 3921 951 3972 p.
965 3907 1068 3967 18141
1087 3903 1197 3968 Boias),
1216 3902 1339 3958 Herodes
1357 3907 1403 3958 At·

252 3985 334 4055 tiens,
353 3989 494 4055 Aristides,
512 3990 669 4057 Lollianus;
688 3990 733 4058 qui
752 3988 945 4055 Hermogenem
963 3988 1063 4042 scholis
1080 3987 1340 4056 interpretabantur,
1358 4010 1403 4046 σο-

251 4075 350 4140 φισταὶ
368 4079 446 4129 erant
463 4079 532 4130 teste
550 4077 659 4143 Doxop.
679 4074 721 4127 W.
740 4073 793 4128 Vll
811 4078 840 4126 ll
863 4077 890 4127 et
908 4073 1026 4128 Maximo
1045 4072 1122 4127 Plan.
1140 4072 1185 4126 W.
1204 4071 1302 4128 V22'l.
