2990 4886
243 304 302 360 192
660 301 775 357 Carolus
792 301 997 357 Brandstaetter

240 475 395 558 eiusdem,
418 481 451 541 ut
468 493 578 541 omnes
593 476 804 558 consentiunt,
828 473 1021 542 Alexandri:
1045 463 1119 536 ἀλλ’
1141 469 1197 556 ὅγε
1220 470 1396 548 πολιτικὸς

240 578 295 643 κοιὶ
319 572 541 663 συγγραφικὸς
564 568 602 641 οὗ
625 573 709 640 κατὰ
733 575 851 662 φύσιν,
882 568 967 640 ἀλλὰ
991 571 1075 640 κατὰ
1104 579 1245 661 μίμησιν
1268 571 1397 640 ἐκείνου

239 676 469 756 (succusano
486 676 599 764 φύσιν)
623 683 750 762 γίνεται
765 715 807 725 -
823 679 878 744 ubi
896 678 1024 744 termini
1048 674 1222 753 πολιτικὸς
1243 679 1300 742 καὶ
1317 699 1396 761 σογ-

238 777 401 866 γραφικὸς
422 787 534 865 aperte
549 781 743 848 Aristideam
767 781 923 864 originem
945 799 1025 862 prae
1039 800 1076 846 se
1097 781 1216 865 ierunt;
1240 780 1320 846 dicit
1336 781 1398 864 igi-

240 893 300 967 tur,
323 891 358 950 ut
373 879 547 948 πολιτικόν
570 881 667 966 λόγον
690 883 858 967 algnificet‚
881 878 1183 967 πλάσιςιρητορικὴ
1202 888 1234 948 ei
1248 878 1291 946 τὰ
1310 881 1397 946 κατὰ

239 984 352 1072 τέχνην
375 987 442 1050 τῶν
465 981 613 1072 ῥητόρων
626 988 646 1061 ¹)
670 984 738 1068 (Sp.
761 985 809 1050 III
833 988 949 1066 13,14.
976 985 1014 1048 18
1030 1012 1070 1036 =
1087 984 1136 1050 W.
1161 984 1236 1050 VIII
1259 985 1345 1060 431).

326 1088 460 1156 Constat
481 1089 579 1172 igitur
594 1087 655 1155 hoc
669 1088 848 1154 Alexandri
871 1089 943 1154 loco
965 1087 1042 1153 item
1058 1093 1155 1170 atque
1177 1085 1265 1172 apud
1280 1087 1398 1154 Aristi·

241 1191 315 1257 dem
329 1210 443 1258 vocem
467 1186 641 1265 πολιτικὸς
660 1189 773 1255 eadem
790 1208 861 1256 csse
877 1191 920 1272 vi,
944 1208 1008 1272 qua
1023 1195 1072 1256 est
1087 1189 1279 1256 vocabulum
1296 1187 1397 1274 ῥητο-

242 1290 342 1377 ρικός,
366 1300 400 1359 ut
415 1294 522 1360 omnin
537 1294 599 1358 tria
613 1292 792 1358 rhetoricae
815 1312 935 1375 genera
949 1292 1079 1358 notione
1102 1290 1279 1356 πολιτικοῦ
1296 1283 1397 1375 λόγου

241 1395 337 1462 facilc
360 1393 679 1478 comprehendantur.
722 1395 792 1460 Hoc
806 1413 885 1460 vero
901 1393 944 1459 ad
959 1400 1101 1460 nostram
1123 1412 1190 1459 rem
1214 1394 1330 1459 summi
1347 1401 1400 1459 est

241 1498 403 1562 momenti.
442 1497 504 1562 Hic
519 1498 603 1563 enim
618 1517 694 1564 usus
717 1497 894 1580 posteriore
915 1503 1022 1562 aetate
1038 1496 1141 1579 magis
1164 1497 1332 1579 magisque
1348 1496 1397 1560 in·

242 1599 381 1665 crebruit
392 1602 416 1676 ²)
438 1599 681 1682 praevaluitque
697 1597 778 1664 haec
792 1598 930 1681 amplior
945 1598 1033 1664 notio
1047 1617 1126 1682 prae
1148 1599 1267 1663 artiore
1290 1598 1348 1662 illa
1363 1603 1399 1662 et

240 1701 343 1784 magis
358 1702 498 1785 propria,
514 1720 708 1784 quamquam
719 1721 760 1767 ne
773 1721 844 1767 eam
861 1700 992 1784 quidem
1006 1719 1136 1786 prorsus
1150 1719 1302 1783 umquam
1319 1719 1397 1766 eva-

242 1804 350 1870 nuisse
371 1811 407 1870 ut
428 1823 486 1887 per
508 1822 543 1870 se
566 1811 615 1871 est
637 1810 895 1886 cousentaneum,
918 1803 964 1868 ita
987 1802 1182 1887 exempIIsa
1203 1802 1297 1868 nobis
1316 1801 1398 1867 affe·

241 1905 349 1972 reudis
364 1905 551 1972 firmabitur.
588 1907 750 1990 Imprimis
773 1903 1018 1972 scholiastarum
1036 1904 1152 1971 chorus
1167 1903 1210 1970 ad
1225 1903 1398 1970 libidinem

240 2029 316 2075 mox
330 2010 487 2094 ampliore
503 2028 597 2076 sensu
613 2028 691 2075 suae
706 2010 823 2075 aetatis
838 2008 1035 2091 peculiarem
1050 2026 1173 2074 morem
1188 2007 1300 2091 secuti,
1319 2027 1399 2072 mox

240 2113 440 2196 angustiore,
469 2113 610 2195 priorum
633 2118 812 2194 temporum
839 2111 979 2194 vestigia
1001 2117 1199 2194 prementes,
1231 2108 1292 2176 hac
1314 2129 1398 2176 voce

242 2220 380 2296 utuntur,
404 2213 492 2297 quod
507 2213 666 2279 interdum
681 2214 824 2279 locorum
844 2213 1042 2278 intellectum
1058 2213 1156 2297 paulo
1172 2212 1321 2278 obscurat
1335 2231 1398 2278 neo

241 2336 305 2382 uon
320 2316 474 2382 falsarum
485 2317 539 2382 vel
551 2316 655 2381 minus
670 2321 891 2382 accuratarum
906 2315 1204 2398 interpretationum
1217 2313 1276 2379 init
1288 2333 1397 2380 causa

243 2416 333 2496 Quae
357 2439 428 2485 cnm
452 2418 536 2502 dico,
559 2417 738 2484 recordaris
755 2416 842 2482 haud
858 2417 956 2483 dubie
972 2417 1059 2482 illius
1082 2416 1156 2499 loci,
1180 2434 1274 2500 quem
1298 2435 1398 2499 supra

241 2521 406 2586 attulimus
418 2539 461 2586 ex
473 2521 629 2603 Dionysio
646 2525 688 2604 (p.
704 2522 774 2605 166,
790 2520 939 2585 nimirum
955 2519 1020 2584 iud.
1038 2518 1079 2584 de
1092 2518 1166 2602 Lys.
1184 2539 1214 2601 p.
1228 2519 1300 2601 488,
1314 2520 1333 2582 3
1346 2519 1398 2599 R),

244 2642 306 2706 quo
330 2623 459 2706 quidem
487 2619 662 2705 πολιτικὴν
691 2625 805 2708 τέχνην
833 2623 914 2699 (sive
939 2617 1112 2705 ῥητορικὸν
1142 2618 1237 2704 λόγον
1259 2655 1301 2666 -
1323 2639 1397 2704 pro·

327 2795 352 2858 3)
371 2789 407 2845 cf.
416 2787 544 2859 Aquila
556 2789 644 2854 (Halm
654 2791 723 2842 rhet.
736 2789 769 2844 L.
782 2805 817 2842 m.
830 2805 858 2857 p.
870 2793 911 2852 22,
924 2793 975 2853 lll:
989 2787 1189 2854 figurandarum
1201 2787 1398 2842 sententiarum

243 2882 269 2931 et
287 2875 468 2932 elocutionum
486 2875 624 2944 proprium
642 2873 794 2928 oratoris
812 2888 910 2928 munus
928 2879 978 2928 ast.

329 2966 352 3027 1)
370 2961 491 3026 Veluti,
509 2975 577 3028 quos
589 2959 756 3013 laudavimus
773 2975 801 3028 p.
816 2962 864 3012 183
877 2958 940 3013 adn.
954 2962 978 3023 2,
997 2958 1043 3026 qui
1060 2953 1209 3014 πολιτικὸν
1226 2953 1335 3028 ζήτημα
1348 2971 1398 3025 per

245 3041 401 3120 ῥητορικὸν
411 3045 581 3114 interpretati
593 3049 666 3111 sunt,
683 3059 701 3098 a
713 3044 811 3112 quibus
823 3059 878 3098 non
890 3043 1005 3098 discedit
1017 3043 1108 3098 Minu
1116 3042 1236 3097 cianus
1248 3037 1317 3097 te'ste
1330 3041 1397 3110 Sop.

240 3131 286 3188 W.
298 3131 323 3188 V
336 3137 360 3194 9,
374 3137 405 3185 15
423 3124 540 3202 καὶγὰρ
554 3124 748 3195 Μινουκιανὸς
765 3125 863 3195 εἰπών,
882 3119 927 3186 ὅτι
946 3122 962 3184 ὁ
982 3120 1079 3200 ῥήτωρ
1097 3131 1156 3184 πᾶν
1168 3123 1226 3198 ζήτ.
1245 3131 1310 3184 πολ.
1328 3124 1398 3200 ἐρεῖ,

241 3232 323 3272 anon.
341 3216 386 3270 W.
399 3215 436 3270 IV
450 3219 491 3282 64,
504 3221 519 3268 3
537 3220 602 3272 πολ.
621 3211 728 3287 ζήτημα
746 3219 830 3271 καλεῖ
841 3210 875 3271 τὸ
889 3210 1052 3287 ῥητορικόν,
1071 3213 1147 3268 Ioan.
1161 3212 1215 3268 Sic.
1229 3213 1272 3267 W.
1286 3211 1325 3267 VI
1337 3217 1397 3278 470,

243 3308 352 3360 10—15.
388 3302 478 3356 Etiam
496 3301 618 3370 apertius
637 3301 901 3356 choeroboscus
919 3300 982 3355 dida.
1000 3300 1029 3353 in
1047 3298 1151 3354 Theod.
1171 3313 1230 3353 can.
1248 3297 1290 3352 ed.
1310 3297 1396 3352 (laist.

240 3407 266 3458 p.
286 3392 352 3456 627,
369 3391 402 3442 34
421 3387 482 3444 coll.
501 3404 527 3456 p.
546 3390 610 3453 6¹28,
629 3391 645 3439 4
663 3385 695 3443 ἐν
718 3385 862 3461 ῥητορικῷ
886 3386 915 3443 δὲ
933 3382 1011 3460 λόγῳ
1033 3381 1121 3456 ἤγουν
1143 3387 1290 3457 πολιτικῷ.
1326 3383 1397 3439 Ios.

242 3473 410 3528 Rhacand.
430 3472 475 3526 W.
495 3472 535 3526 111
552 3476 611 3537 418,
624 3477 639 3526 6
654 3467 670 3528 ὁ
684 3467 832 3537 πολιτικὸς
849 3468 946 3543 λόγος,
965 3462 998 3536 ὅς
1016 3468 1076 3526 ἐστι
1094 3465 1343 3542 συμβουλευτικός,
1361 3473 1399 3524 δι-

237 3556 368 3626 κανικός,
386 3556 584 3630 πανηγυρικός.
604 3573 698 3612 anon.
717 3573 817 3625 gram.
836 3557 864 3610 in
882 3556 965 3612 Isocr.
977 3556 1043 3610 XIII
1060 3550 1148 3612 ὓποθ.
1166 3554 1239 3623 apud
1252 3553 1354 3610 Blass.¹
1371 3554 1399 3608 II
1481 3567 1482 3570 ’

240 3645 292 3715 prs.
311 3662 338 3715 p.
351 3643 441 3700 LVIII
460 3643 500 3709 εἰς
517 3639 568 3715 τὴν
585 3638 747 3715 πολιτικὴν,
766 3633 784 3699 δ’
801 3640 862 3700 ἐστι
883 3637 1037 3715 ῥητορικήν
1055 3648 1082 3694 et
1094 3657 1147 3709 sq.;
1168 3641 1289 3695 Pollux
1306 3639 1346 3695 IV
1367 3645 1398 3693 16
1481 3657 1482 3676 ι

241 3726 391 3804 ῥητορική,
413 3723 429 3801 ἢ
449 3721 519 3800 αὐτὴ
538 3732 586 3785 καὶ
609 3723 740 3799 πολιτικὴ
757 3731 785 3782 ct
800 3729 880 3798 paulo
899 3734 962 3797 post
979 3724 1089 3800 ῥήτωρ,
1112 3721 1128 3781 ὃ
1148 3719 1235 3791 αὐτὸς
1252 3728 1300 3781 καὶ
1318 3731 1398 3782 πολι-

240 3810 321 3881 τικὸς
343 3823 370 3870 ot
391 3814 429 3869 lv
450 3819 479 3868 ll
503 3809 669 3886 ῥητορεύειν
687 3841 720 3860 --
736 3808 886 3870 κολιτικὸν
908 3808 980 3870 εἶναι
1005 3813 1048 3876 (de
1070 3811 1168 3880 quibus
1192 3825 1335 3879 perperam
1358 3811 1399 3865 lo·

242 3901 333 3970 quitur
351 3900 440 3955 Faber
457 3902 486 3956 in
504 3900 565 3955 adn.
584 3900 620 3954 ad
632 3899 675 3954 Ps.
695 3899 779 3966 Long.
800 3919 829 3955 rr.
846 3889 896 3969 tio.
914 3915 937 3953 c.
957 3898 970 3951 I
988 3915 1014 3967 p.
1029 3902 1045 3952 4
1063 3897 1125 3952 edit.
1146 3895 1236 3964 TolliI,
1255 3896 1399 3965 probatus,

241 3993 271 4042 ut
288 3987 402 4053 videtur,
422 3986 567 4041 Schaetero
586 3986 618 4040 de
636 4001 723 4054 comp.
743 4001 768 4040 v.
787 4002 814 4054 p.
828 3989 868 4053 6),
887 3984 922 4039 cf.
940 3983 1061 4048 Lobeclr,
1079 3983 1115 4038 ad
1133 3981 1233 4052 Phrpn.
1252 3998 1278 4050 p.
1294 3985 1345 4036 164
1365 3983 1399 4038 dc

243 4068 565 4138 accommodarem,
583 4085 663 4140 quam
682 4071 788 4126 silentIo
807 4070 917 4126 damnat
934 4069 1041 4125 Pollux.
