2990 4886
219 329 279 387 140
622 329 736 385 carolus
755 328 962 384 Brcudstaetter

215 501 437 569 Volkmanuus
458 500 565 579 (Rhet.
589 502 621 567 d.
644 501 699 568 Gr.
716 522 745 567 u.
762 503 813 568 R?
835 523 866 587 p.
886 504 923 567 18
947 509 980 568 et
1001 501 1088 584 apud
1110 503 1209 570 lwan.
1226 503 1315 568 Muli.
1339 503 1375 568 Il

216 627 247 690 p
265 609 324 670 461
342 604 429 681 adu.)
452 605 514 671 sibi
536 605 747 689 persuaserit,
771 605 861 670 illam
884 601 1169 690 προσομιλιγτικίγν
1192 606 1244 683 (cf.
1262 603 1372 683 Quint.

217 707 399 789 instllll,
418 708 469 781 10)
500 725 571 773 osse
599 705 686 790 qnod
715 705 795 772 dicit
820 698 1193 773 ‘Kunstberedsamkeit'
1225 727 1284 774 nos
1305 727 1372 773 non

216 811 354 894 assequi.

301 911 370 977 Iam
393 930 470 978 vero
493 917 637 978 nostrum
660 917 709 976 est
730 930 836 994 pauca
857 910 966 977 dicero
989 911 1030 976 de
1052 912 1176 994 aliquot
1197 913 1288 994 locis,
1316 913 1373 977 ubi

216 1033 330 1080 revera
345 1014 438 1080 Pluto
460 1033 541 1080 voce
564 1009 738 1088 cultricis
760 1019 862 1079 certos
886 1013 1042 1096 quosdam
1060 1019 1151 1078 notat
1167 1015 1236 1080 sive
1252 1010 1372 1097 λόγους

217 1118 287 1184 sive
303 1107 555 1200 σσγγριίμμαται
579 1116 653 1182 dieo
668 1114 807 1181 Phaedr.
823 1136 855 1198 p.
872 1117 933 1179 258
951 1115 980 1179 D
995 1119 1047 1190 τίς
1063 1099 1120 1180 οὖν
1135 1109 1152 1180 ὁ
1169 1113 1297 1199 τρόπος
1311 1117 1373 1180 τοῦ

216 1219 324 1294 καλῶς
346 1241 383 1282 τε
404 1219 459 1283 καὶ
482 1215 527 1303 μὴ
549 1215 708 1304 γράφειν,·
732 1215 881 1298 δεόμεθά
904 1241 947 1296 τι,
972 1202 998 1280 ὦ
1017 1216 1152 1302 Φαῖδρε,
1175 1222 1312 1282 Λυσίαν
1335 1241 1374 1282 τε

217 1321 295 1406 περὶ
318 1318 446 1385 τούτων
468 1317 622 1396 ἐξετάσαι
643 1321 699 1384 καὶ
723 1313 840 1398 ἄλλον,
869 1309 962 1394 ὅστις
990 1317 1132 1384 πώποτέ
1153 1345 1186 1384 τι
1209 1323 1372 1406 γέγραφεν

167 1470 170 1499 r
217 1410 394 1508 ἢγράψει,
418 1420 505 1487 ε’ίτε
527 1419 750 1516 φορτικὸν
774 1419 1023 1506 σύγγραμμα
1040 1421 1126 1486 ε’ίτε
1150 1419 1372 1512 ificurreres

163 1554 165 1562 ¹
217 1525 313 1607 καί,
343 1526 399 1592 ubi
426 1513 670 1592 recte'addidic
698 1526 846 1591 Hermias
876 1525 947 1602 (Ast
964 1529 1053 1603 177):
1082 1512 1385 1609 normamque

216 1623 275 1692 τὸν
298 1625 519 1709 νομοθετικόν
541 1615 562 1715 ἢ
586 1623 873 1711 συμβουλευτικόν.
911 1626 1139 1710 significantur
1154 1630 1239 1694 euim
1262 1629 1372 1694 aPla·

217 1738 309 1813 tone,
340 1731 367 1796 si
395 1731 516 1797 intente
546 1730 622 1797 inde
644 1751 665 1796 a
686 1752 717 1814 p.
734 1729 842 1794 2571)
873 1730 1101 1795 sententiarum
1124 1731 1240 1796 seriem
1262 1749 1373 1813 porse·

218 1833 341 1914 queris,
365 1834 491 1899 nomino
514 1832 690 1897 colerence
713 1829 967 1917 συγγράμματος
989 1833 1173 1915 rogationes
1195 1853 1215 1899 a
1237 1833 1315 1898 viris
1337 1833 1372 1897 in

216 1934 383 2017 republica
398 1935 600 2002 versantibus
616 1935 815 2017 conscriptae
832 1937 874 2016 (p.
892 1936 953 1998 258
969 1935 1020 2018 A),
1042 1941 1173 2018 propter
1195 1955 1275 2018 quas
1298 1955 1371 2018 σογ-

216 2047 357 2121 γραφεῖς
370 2039 391 2112 1)
414 2043 447 2102 et
469 2033 672 2122 λογογράφοι
694 2035 738 2120 (p.
756 2039 817 2100 258
833 2038 871 2101 A.
888 2037 924 2101 B.
941 2035 978 2111 G)
1002 2057 1023 2101 a
1041 2037 1175 2102 Platone
1198 2044 1371 2120 vocantur;

217 2159 281 2204 non
303 2139 616 2222 comprehenduntur
639 2137 700 2204 hac
717 2140 847 2204 notione
863 2139 1032 2204 iudiciales
1055 2140 1224 2205 crationes.
1262 2139 1371 2222 Atque

217 2241 366 2308 Hermias
389 2241 485 2308 modo
507 2240 656 2307 laudatus
680 2240 767 2323 quod
789 2241 895 2325 pergit
920 2233 1111 2304 ςἰδιωτικὸν
1138 2237 1197 2306 τὸν
1220 2239 1371 2306 δικαστι-

217 2339 275 2408 κὸν
290 2332 310 2430 ἢ
327 2334 519 2417 δικανικὸν,
543 2342 622 2409 mihi
638 2363 701 2408 non
724 2343 887 2427 probatur.
930 2343 1013 2408 Nam
1037 2350 1260 2428 praeterquam
1284 2344 1371 2427 quod

218 2447 353 2512 vocibus
376 2441 550 2519 πολιτικὸς
573 2451 605 2510 et
635 2441 804 2520 liemcule
831 2444 986 2512 adhibitis
1009 2465 1110 2529 genus
1134 2446 1316 2512 contionale
1339 2453 1372 2512 et

218 2547 370 2613 iudiciale
393 2549 434 2612 ab
457 2548 523 2612 ullo
546 2548 700 2631 scriptore
723 2547 865 2630 disiungi
890 2566 1093 2631 nequaquam
1115 2548 1245 2614 memini
1269 2547 1370 2621 (vide-

218 2657 269 2715 tur
297 2648 480 2716 contudisse
515 2669 587 2715 oum
622 2648 683 2716 hae
711 2650 855 2717 Platonis
885 2649 1089 2716 distinctione
1117 2651 1369 2734 usitatissimam,

219 2772 301 2835 quae
324 2759 373 2818 est
394 2752 477 2818 inter
499 2749 661 2836 δημόσιον
683 2759 716 2819 et
738 2749 908 2817 ificurreres
931 2749 1028 2835 λόγον
1052 2749 1246 2831 δικανικόν),
1275 2753 1369 2819 Plato

220 2855 388 2922 iudiciales
412 2855 573 2922 orationes
595 2874 722 2939 semper
744 2857 789 2920 ita
808 2862 1046 2938 commemorat,
1069 2862 1105 2920 ut
1125 2855 1169 2920 ad
1191 2856 1291 2940 illum,
1315 2857 1370 2939 qui

219 2965 267 3024 est
291 2957 446 3043 δημοσία,
469 2978 561 3024 usum
578 2977 632 3023 eas
648 2956 852 3040 adnumeret;
876 2977 914 3022 eo
930 2976 1017 3039 vero,
1042 2957 1128 3040 quod
1143 2957 1185 3022 ad
1209 2958 1370 3040 priuatum

218 3059 381 3126 hominem
404 3065 558 3143 spectant,
581 3079 737 3142 nusquam
761 3059 822 3124 hae
841 3060 1002 3125 orationes
1024 3079 1045 3124 a
1066 3059 1260 3142 demogoriis
1282 3060 1370 3144 apud

218 3162 386 3228 Platonem
416 3163 652 3245 dignoscuntur.
703 3159 755 3226 Ad
785 3159 866 3227 haec
895 3162 1003 3226 omnia
1032 3162 1071 3227 of.
1095 3160 1232 3229 Phaedr.
1256 3182 1288 3245 p.
1307 3164 1366 3228 261
1479 3235 1480 3241 ἵ

219 3266 296 3348 ΑΒ,
309 3264 400 3348 soph.
413 3285 445 3348 p.
458 3267 520 3328 222
533 3263 558 3330 (l
570 3263 601 3328 D
614 3271 646 3329 et
657 3267 719 3327 225
731 3264 768 3345 Β,
785 3284 883 3347 supra
893 3263 1040 3345 laudata;
1055 3271 1223 3348 praeterea
1234 3263 1368 3332 Theaet.

219 3389 250 3452 p.
269 3372 329 3435 173
353 3368 398 3432 D:
429 3364 641 3452 δικαστήριον
671 3354 691 3450 ἢ
718 3364 954 3452 βουλευτήριον
981 3364 1056 3442 (ὂικ.
1088 3367 1202 3432 iterum
1231 3368 1368 3450 primum
1478 3383 1479 3403 l

218 3471 325 3538 locum
347 3469 447 3546 tenet)
477 3461 554 3551 ἤτι
577 3465 690 3533 κοινὸν
713 3461 794 3533 ἄλλο
824 3470 884 3554 τῆς
914 3467 1046 3544 πόλεως
1069 3467 1255 3552 συνέδριον,
1286 3490 1367 3554 quae
1477 3515 1478 3518 =

219 3573 351 3656 respicit
372 3572 415 3637 ib.
432 3592 463 3656 p.
483 3575 543 3635 174
555 3571 596 3638 0:
621 3569 691 3657 ἰδίᾳ
713 3594 749 3635 τε
765 3569 1017 3656 σσγγιγνόμενος
1032 3564 1049 3635 ὁ
1067 3572 1219 3647 τοιοῦτος
1241 3569 1367 3658 ἑκάστῳ

221 3678 277 3741 καὶ
293 3674 450 3760 δημοσίᾳ,
474 3664 560 3758 ὅπερ
578 3664 757 3759 ἀρχόμενος
773 3671 893 3757 ἐ’λεγον,
917 3663 997 3738 ὅταν
1014 3670 1046 3737 ἐν
1063 3671 1265 3759 δικαστηρίῳ
1280 3668 1367 3761 ἦπου

221 3772 346 3842 {iliosis
361 3768 558 3861 ἇναγαασθῇ
575 3825 582 3840 .
600 3824 608 3838 .
626 3773 853 3859 διαλέγεσθαι.
884 3775 998 3859 Neque
1012 3777 1116 3841 minus
1131 3777 1164 3840 in
1180 3777 1367 3854 πολιτικοῖς
1475 3781 1476 3804 ¹

221 3879 391 3965 ξολλόγοις
423 3879 583 3944 orationes
610 3877 778 3946 iudiciales
811 3880 915 3944 locum
950 3876 1069 3942 habere
1102 3876 1181 3944 dicit
1210 3878 1303 3946 Plato
1335 3881 1367 3945 iu

220 4025 421 4038 ,—-—..-.

306 4106 329 4161 ll
349 4099 388 4156 Cf.
399 4099 480 4163 Gorg.
493 4112 519 4164 p.
532 4101 580 4151 451
593 4086 722 4168 Βιῖίσπνρ
736 4095 763 4152 ci
775 4094 807 4153 ἐν
819 4097 859 4172 τῷ
873 4091 950 4172 δήμῳ
963 4090 1196 4167 σνγγραφόμενοι
1210 4111 1272 4150 cunr
1283 4095 1365 4151 schol.
1472 4081 1474 4219 Α
