3004 4886
249 336 310 394 252
655 335 771 390 Carolus
790 334 995 392 Brandstaetter

249 515 282 574 et
312 509 491 592 explicetur
519 511 601 574 ratio
630 510 688 574 illa
716 508 919 590 Philostrati,
945 527 1018 591 vqna
1045 509 1177 576 alterins
1210 507 1415 592 sophisticae
1495 539 1496 550 ι

249 611 391 676 ducem
413 613 489 677 fecit
511 611 706 678 Aeschinem
729 647 771 660 -
794 611 978 694 praecipue,
1002 616 1037 675 nt
1058 611 1214 695 suspicor,
1238 631 1276 676 eo
1300 611 1413 677 studio

250 712 374 796 ductus,
397 717 670 779 utvetnstatis
695 715 835 797 specie
859 712 1257 796 splendidorumque
1278 715 1413 780 nomi·

249 835 337 879 num
360 816 496 898 gloria
518 836 626 881 snam
648 822 773 881 artem
797 815 997 881 indueret.
1037 815 1090 880 Ad
1104 816 1211 882 locum
1226 815 1323 881 modo
1339 817 1413 881 lan·
1496 807 1497 886 l

250 917 360 982 datum
390 918 609 1001 Hermogenes
638 937 696 983 nos
724 918 858 982 remittit
887 917 942 1000 Sp.
970 917 1001 981 ll
1024 923 1104 1000 415,
1127 921 1146 980 9
1177 917 1238 993 (W.
1262 918 1414 996 Π1387)

250 1021 372 1086 verbis:
401 1023 540 1104 nepe-‘tec
567 1018 603 1084 δὲ
630 1022 750 1105 χρῆται
777 1019 837 1101 μὲν
861 1011 919 1084 οὐκ
941 1011 1043 1104 ὀλίγῳ
1070 1011 1249 1106 (Ἀντιφῶν
1271 1015 1289 1085 ὁ
1310 1014 1412 1102 Ῥαμ-
1497 1085 1498 1104 ,

250 1119 406 1200 νούσιος),
422 1123 531 1198 καλῶς
547 1121 583 1186 de'
600 1145 674 1198 ιιως
688 1123 744 1186 καὶ
762 1125 1003 1207 σοιυφασμένῳ
1019 1123 1075 1187 καὶ
1088 1114 1126 1186 οὗ
1138 1120 1222 1186 κατὰ
1238 1119 1297 1187 τὸν
1309 1117 1412 1187 Ὑπε-

250 1221 361 1310 ρείδην
378 1222 565 1308 διεστηκότι
580 1225 645 1287 τῶν
658 1219 776 1301 ἄλλων,
793 1216 865 1288 οὐδ’
887 1209 927 1287 αὖ
938 1220 1022 1289 κατὰ
1038 1221 1097 1288 τὸν
1108 1222 1275 1310 Αἰσχίνην
1288 1246 1364 1309 σοφ
1374 1250 1412 1288 ι-

250 1327 392 1410 στικῴ,
415 1331 527 1391 καίτοι
548 1333 605 1408 τῆς
629 1325 747 1401 λέξεως
770 1319 861 1410 αὐτῷ
887 1325 1055 1406 πολλαχοῦ
1079 1325 1255 1412 διηρμένος
1267 1330 1298 1405 ¹),
1321 1327 1412 1392 unde
1498 1388 1499 1410 ,

251 1435 372 1494 certum
387 1428 422 1494 fit
437 1430 493 1493 illo
510 1431 617 1512 priore
641 1430 711 1495 loco
731 1425 927 1514 σοφιστικὸς
943 1449 1056 1495 vocem
1072 1429 1116 1494 ad
1132 1430 1285 1494 orationis
1300 1429 1411 1512 splen·
1498 1417 1499 1432 ¹

251 1530 361 1595 dorem
386 1538 418 1595 et
439 1531 693 1615 magnitudinem
716 1538 878 1614 spectare,
901 1533 1000 1597 falsus
1023 1539 1072 1597 est
1091 1532 1268 1596 Ioannes
1285 1531 1410 1596 Sicel.

252 1633 313 1710 (W.
330 1633 375 1698 VI
391 1637 462 1715 501,
480 1635 521 1715 2),
545 1654 616 1699 eum
641 1635 879 1718 interpretatur:
904 1625 1111 1719 ἂπαιητικῴ,
1134 1633 1411 1717 ascalonense}

252 1735 408 1812 (Platonis
424 1737 456 1800 in
471 1736 601 1801 modnm
619 1725 682 1802 hac
696 1755 778 1801 voce
793 1737 950 1819 accepta).
969 1770 1006 1779 —
1027 1737 1175 1819 Denique
1190 1737 1223 1800 in
1239 1756 1288 1818 eo,
1312 1729 1410 1820 quem

252 1837 346 1922 dicit,
378 1838 543 1921 πολιτικῷ
572 1835 676 1922 λόγῳ,
708 1857 903 1921 quamquam
927 1839 1002 1904 insit
1024 1839 1177 1920 splendor
1199 1840 1352 1904 orationis
1375 1834 1409 1925 (ἡ

251 1939 467 2027 λαμπρότης),
492 1948 599 2006 tamen
623 1942 753 2024 saepius
776 1960 847 2006 eum
871 1947 940 2006 arte
962 1940 1170 2006 minuendum
1194 1960 1264 2006 esse
1288 1949 1409 2023 censet,

251 2051 348 2127 atquc
371 2045 418 2108 ita
436 2042 565 2126 quidem
583 2063 610 2108 e.
627 2063 670 2126 g,
694 2048 728 2107 ut
743 2043 920 2109 sententiae
943 2049 1051 2126 partes
1073 2043 1240 2108 interiecto
1263 2043 1409 2108 membro

251 2146 525 2227 disiunganturll,
555 2147 644 2212 velut
667 2144 903 2211 Demosthenes
925 2166 989 2211 non
1011 2165 1074 2210 nno
1098 2151 1208 2211 tenore
1230 2146 1410 2212 sententiae

252 2249 407 2313 ambitum
430 2249 650 2332 compleverit,
674 2244 692 2311 ὃ
713 2245 846 2331 σφόδρα
870 2235 909 2310 οἷν
933 2244 1092 2332 ἐποίησεν
1115 2239 1206 2330 odeo]
1228 2243 1286 2311 τὸν
1310 2240 1410 2329 λόγον

211 2419 215 2426 ,
253 2347 408 2432 λαμπρὸν
423 2351 478 2414 καὶ
496 2349 702 2435 σοφιστικόν,
726 2399 734 2414 .
752 2400 759 2413 .
776 2400 784 2413 .
809 2341 894 2413 ἀλλὰ
911 2347 1050 2432 διέκοψε
1065 2351 1120 2414 καὶ
1136 2341 1234 2434 ἦττον
1251 2347 1410 2434 ἐποίησεν

254 2445 353 2516 αὐτὸν
376 2455 524 2536 φανῆναι
555 2449 726 2534 λαμιιρόνε
757 2453 810 2518 vel
833 2471 875 2518 ex
897 2451 1068 2518 adiectivis
1099 2448 1353 2537 σοφιστικὸς
1377 2459 1411 2518 et

253 2551 446 2638 λαμπρὸς
467 2556 650 2639 promiscue
668 2553 824 2620 adhibitis
846 2555 1049 2620 manifestum
1065 2553 1100 2619 lit
1116 2551 1314 2638 σοφιστικὸν
1337 2574 1410 2620 esse

253 2656 534 2740 splendidum,
557 2657 851 2738 artificiosum,
875 2657 1128 2739 distinctum,
1150 2657 1297 2722 videmus
1312 2658 1410 2722 etiarn

253 2759 307 2825 hic
329 2759 407 2824 item
430 2766 526 2842 atquc
550 2780 648 2843 snpra
670 2761 793 2825 secerni
815 2779 835 2824 a
858 2758 1023 2842 πολιτικοὶ
1053 2755 1140 2842 λόγῳ
1171 2758 1409 2841 quodammodo

253 2861 463 2945 sophisticum
488 2862 618 2927 dicendi
640 2881 751 2944 genus.

339 2964 469 3048 Omnes,
493 2965 616 3049 opinor,
641 2964 907 3047 perlustravimus
923 2963 1137 3044 Hermogenis
1156 2962 1244 3028 locos
1260 2961 1322 3027 huc
1337 2981 1409 3045 per-

254 3069 400 3148 tinentes,
423 3066 509 3131 nnde
525 3067 602 3131 satis
624 3065 759 3131 eflicitur
775 3085 856 3147 enm,
881 3085 975 3148 quem
991 3066 1023 3129 in
1038 3065 1223 3130 universnm
1245 3063 1409 3130 adiectivo

255 3165 451 3253 σοφιστικὸς
463 3169 568 3234 inesse
580 3188 677 3251 supra
689 3167 988 3247 demonstravimus,
1001 3186 1139 3247 sensum,
1151 3159 1410 3232 videlicet‘arte

253 3272 371 3345 facti,
395 3271 670 3336 ostentationi
693 3269 989 3335 accommodati
1009 3267 1232 3334 accedente
1248 3269 1409 3333 vanita-

254 3373 307 3438 tis
324 3374 540 3456 captiosae
554 3364 740 3454 notione',
757 3373 854 3436 etiam
866 3373 907 3436 ab
920 3372 1132 3453 Hermogene,
1149 3368 1295 3436 technico
1311 3371 1414 3454 scrip,

252 3483 331 3558 tore,
356 3477 385 3541 ei
408 3476 560 3541 tributum
582 3495 662 3542 esse.

338 3579 376 3642 In
399 3576 622 3660 Phrynichi
651 3577 724 3642 libri
747 3575 864 3642 iisdem
891 3575 1088 3657 temporibus
1112 3574 1284 3656 conscripti
1306 3575 1409 3654 titulo,

254 3682 308 3763 qni
343 3687 392 3748 est
425 3675 652 3765 σοφιστικὴ
689 3674 898 3763 παρασκευή,
932 3676 1128 3743 adiectivum
1161 3677 1194 3741 in
1227 3677 1410 3742 universnm

344 3851 367 3912 1)
385 3846 671 3901 MirorVantenum
684 3847 713 3899 in
726 3845 789 3900 enit.
802 3844 865 3899 libri
877 3863 906 3900 ιι.
919 3833 967 3915 lp.
980 3859 1004 3898 ο.
1016 3847 1031 3897 2
1043 3847 1079 3912 (p.
1090 3846 1116 3907 3,
1128 3847 1169 3908 ιο)
1181 3846 1208 3896 et
1220 3857 1244 3896 ο.
1256 3847 1270 3895 ι
1282 3845 1319 3910 lp.
1333 3845 1357 3907 n,
1369 3845 1410 3908 ss)

253 3947 367 3987 exarare
379 3931 539 4004 διῃρμέκοις
548 3935 576 3986 et
587 3931 745 4005 διηρμένον
756 3945 807 4000 pro
821 3929 915 3984 formis
925 3951 935 3984 ι
944 3929 1049 3984 subscr.
1063 3929 1228 3982 carentibus.
1254 3928 1291 3982 cf.
1303 3928 1409 3999 δίαρμα

254 4023 281 4073 ct
298 4019 409 4090 δίαρσις
426 4017 500 4085 apud
518 4017 563 4072 Ps.
581 4018 668 4085 Long.
688 4033 710 4071 c.
726 4021 758 4072 tt
776 4020 813 4084 (p.
828 4019 869 4081 24,
882 4013 939 4080 tv)
958 4018 985 4068 et
1003 4029 1026 4068 c.
1041 4018 1056 4068 8
1076 4018 1112 4084 (p.
1128 4018 1168 4079 11,
1181 4013 1246 4079 tv).

341 4107 367 4169 a)
385 4102 432 4171 Sp.
451 4101 478 4156 11
496 4106 555 4172 seo,
567 4106 591 4158 s.
610 4103 655 4158 w.
673 4102 713 4156 111
731 4105 791 4157 scr.
