2990 4886
269 313 311 368 De
329 312 469 368 notionum
487 308 636 377 πολιτικὸς
654 317 681 366 ε1
698 305 836 382 σοφιστὴς
854 325 905 366 σεο
923 308 1068 366 rhetorico.
1195 308 1254 367 189

99 491 240 551 mentum
265 486 370 566 ipsum
394 492 426 551 et
447 485 617 551 utilitatem
642 485 800 569 quemad
824 489 969 549 ornatum
991 487 1145 566 spectant,
1172 503 1255 565 quae

101 588 239 654 orationi
255 588 345 653 civili
361 595 434 654 aunt
448 587 692 652 accommodata
708 591 793 672 (opp.
810 582 1060 671 πανηγυρικός)ε
1075 605 1106 669 p.
1124 587 1195 666 228,
1214 589 1254 648 22

100 690 161 767 (W.
192 693 260 766 137)
286 687 315 753 εἰ
337 685 400 773 γὰρ
422 685 515 768 τύχοι
536 685 578 752 τὰ
601 687 661 770 μὲν
689 689 765 766 (τῶν
789 684 1067 772 ἐπιχειρημάτων)
1095 679 1255 751 ἀποδεικ-

99 788 175 856 τικαὶ
201 787 286 856 εἶναι
316 792 383 855 καὶ
413 791 512 874 (quod
537 793 686 875 suppleo)
716 789 889 876 πολιτικῆς
903 794 923 868 1)
953 787 1056 875 μόνης
1079 786 1254 874 ἑρμηνείας

101 892 251 977 δεόμενα,
275 891 371 958 τὰδὲ
394 890 612 980 πανηγυρικά,
636 912 719 976 quae
741 912 845 976 paene
867 899 1054 977 repetuntur
1077 914 1108 977 p.
1125 893 1197 975 234,
1218 896 1255 957 13

101 998 160 1075 (W.
180 999 263 1079 145),
288 998 343 1062 ubi
359 991 517 1059 πολιτικὰ
534 997 582 1078 τῷ
598 996 643 1078 νῷ
659 995 713 1059 καὶ
737 992 944 1080 πανηγυρικὰ
967 997 1016 1078 τῷ
1032 996 1077 1079 νῷ
1100 996 1256 1079 legimus;

101 1121 131 1184 p.
149 1102 222 1182 288,
239 1103 279 1163 20
303 1100 364 1177 (W.
381 1097 454 1180 220)
477 1099 582 1161 ταῦτα
599 1093 719 1176 σεμνὸν
734 1095 846 1176 μόνον,
871 1089 908 1160 or'r
923 1095 988 1180 μὴν
1003 1099 1058 1162 καὶ
1082 1093 1256 1161 πολιτικὸν

102 1199 240 1266 δύναται
256 1213 368 1265 ποιεῖν
384 1197 442 1265 τὸν
459 1198 556 1284 λόγον
573 1199 624 1275 (ef.
637 1221 668 1284 p.
682 1201 754 1284 288,
768 1202 818 1264 30.
832 1199 880 1264 W.
894 1202 970 1284 220;
987 1201 1059 1282 280,
1072 1203 1100 1264 2.
1115 1200 1164 1266 W.
1177 1201 1256 1282 2213

100 1324 131 1386 p.
144 1306 218 1384 289,
232 1307 261 1368 6.
278 1304 326 1368 W.
340 1305 418 1385 2213
433 1324 465 1386 p.
479 1305 551 1385 290,
565 1307 594 1366 5.
611 1303 661 1368 W.
675 1305 745 1384 222,
763 1321 845 1384 quae
860 1322 924 1368 uon
940 1303 1177 1384 intelleguntur,
1194 1303 1256 1368 nisi

101 1407 291 1486 eiuratione,
314 1425 397 1488 quae
414 1405 610 1488 Hermogeni
633 1405 802 1470 intercedit
818 1424 888 1471 uum
906 1403 1075 1483 Aristide);
1098 1424 1129 1487 p.
1147 1406 1220 1487 291,
1237 1407 1255 1469 9

102 1507 161 1584 (W.
175 1509 251 1583 224)
268 1503 528 1588 πολιτικώτεραι
543 1504 679 1584 ἔννοιαι,
696 1527 770 1592 opp.
788 1504 887 1592 φύσει
905 1511 1032 1588 σεμναί,
1050 1507 1126 1572 etin
1143 1506 1257 1572 eodem

101 1630 206 1676 rerum
223 1629 309 1675 nexu
324 1629 355 1692 p.
372 1611 444 1691 290,
462 1611 502 1672 22
517 1609 578 1686 (W.
596 1611 670 1686 223)
694 1611 791 1673 τοῦτο
809 1606 929 1690 σεμνὸν
943 1597 981 1674 ὃν
998 1609 1101 1672 πλέον
1117 1605 1183 1688 ἔχει
1197 1609 1257 1672 τοῦ

101 1711 278 1776 πολιτικοῦ
289 1733 325 1774 τε
337 1712 391 1775 καὶ
403 1712 555 1776 πιθανοῦ
565 1709 650 1774 κατὰ
662 1708 721 1794 τὴν
734 1708 912 1776 ε’νόοίασιν.
929 1732 960 1795 p.
973 1715 1095 1794 204,16
1108 1712 1169 1790 (W.
1183 1713 1257 1786 228)

100 1815 199 1879 τοῦτο
223 1810 341 1897 γοργὸν
358 1804 427 1895 ἅμα
441 1814 490 1898 τῷ
506 1813 673 1896 πολιτικῷ
690 1815 746 1878 καὶ
770 1811 899 1894 σεμνόν.
930 1835 961 1898 p.
980 1816 1051 1899 204,
1069 1813 1257 1890 8010228)

102 1914 135 1979 αἱ
153 1907 374 1999 ἀποστροφαὶ
398 1912 640 2000 διαφθείρουσι
662 1910 700 1977 τὸ
719 1911 838 1994 σεμνὸν
862 1963 895 1977 ..
918 1915 974 1977 καὶ
990 1909 1076 1997 πρὸς
1091 1910 1128 1976 τὸ
1148 1913 1256 1978 κοινό-

101 2041 195 2100 τερον
212 2018 267 2081 καὶ
285 2009 543 2099 πολιτικώτερον
564 2009 691 2100 ι’ἱγσνσι.
722 2037 753 2099 p.
771 2019 842 2098 359,
859 2019 899 2080 30
922 2017 983 2094 (W.
1001 2018 1074 2093 316)
1099 2013 1254 2102 πολιτικὴ

101 2115 275 2206 ἡτοιαύτη
290 2117 392 2206 ἡδονή
411 2120 582 2197 (sententia
597 2118 758 2194 ineunda).
786 2139 817 2202 p.
835 2120 907 2202 384,
927 2123 963 2182 17
981 2119 1042 2196 (W.
1060 2120 1134 2192 348)
1157 2117 1257 2182 πσλι-

101 2219 192 2287 τικὸν
217 2219 255 2286 τὸ
281 2225 398 2308 σχημα.
428 2243 459 2306 p.
483 2225 588 2303 443,1
621 2221 682 2298 (W.
705 2222 779 2298 425)
809 2212 931 2307 ἠθικὰς
953 2216 1127 2294 πολιτικὸς
1149 2215 1257 2303 ὅρκος,

103 2325 187 2408 quod
213 2325 382 2407 intelleges
405 2325 478 2390 eoll.
502 2344 532 2406 p.
550 2325 622 2408 355,
639 2326 718 2406 21η.
743 2323 803 2400 (W.
822 2325 910 2402 310);
934 2325 967 2389 in
989 2343 1257 2407 progymnas-

103 2435 249 2494 matum
272 2427 462 2492 tractatione
478 2425 534 2509 Sp.
558 2426 590 2490 ΙΙ
612 2429 642 2508 4,
659 2429 698 2490 30
711 2445 781 2509 sqq.
804 2427 865 2502 (W.
888 2427 903 2490 Ι
930 2429 977 2501 17)
1001 2419 1089 2501 εἶδος
1112 2431 1257 2509 quartum

104 2529 383 2595 narrationum
410 2534 543 2594 vocatur
571 2524 761 2606 πολιτικόν,
792 2529 812 2592 i.
837 2547 864 2594 e.
888 2528 975 2595 illius
997 2528 1141 2612 generis,
1171 2527 1258 2612 quod

105 2632 137 2696 in
158 2631 248 2698 eivili
272 2631 415 2696 oratione
437 2631 543 2696 louum
567 2629 714 2712 habet²);
737 2631 830 2696 aliter
852 2637 959 2696 autem
983 2629 1038 2713 Sp.
1061 2630 1094 2696 Il
1118 2634 1194 2714 199,
1221 2636 1255 2694 11

107 2733 165 2810 (W.
181 2733 299 2806 11194)
323 2730 484 2814 σύντομος
507 2733 562 2796 καὶ
585 2730 741 2816 πσλιτικν)
766 2729 931 2818 διήγησιςι
955 2752 1038 2816 quae
1053 2753 1111 2816 per
1127 2753 1162 2800 se
1177 2732 1259 2798 nihil

107 2833 202 2901 hebet
225 2834 404 2919 splendidi,
434 2855 508 2918 opp.
533 2831 696 2915 σύντομος
718 2834 773 2898 καὶ
796 2832 1002 2920 φαιδροτέρα
1031 2835 1083 2913 (ef.
1108 2837 1260 2919 exempla·

107 2936 191 3019 apud
206 2956 301 3002 anon.
316 2936 365 3001 W.
378 2937 426 3002 Ill
439 2939 629 3012 516-578).
644 2971 687 2982 -
703 2936 949 3004 Aduerbium
967 2943 1073 3004 exstat
1088 2958 1118 3021 p.
1134 2940 1205 3020 187,
1220 2941 1258 3004 13

108 3037 167 3116 (W.
185 3040 237 3116 78)
261 3035 520 3122 πολιτικώτερον
544 3040 666 3122 στῆσαι
687 3036 725 3102 τὸ
750 3043 948 3121 προοίμιον,
979 3060 1053 3124 opp.
1079 3063 1259 3127 πανηγυρι-

107 3137 258 3224 κώτερσν.
296 3142 377 3206 Item
394 3162 424 3225 p.
444 3143 513 3224 188,
537 3146 571 3206 10
588 3142 648 3219 (W.
666 3143 718 3220 80)
736 3143 926 3220 πολιτικῶς,
951 3161 1033 3225 quae
1050 3143 1131 3209 bene
1147 3144 1259 3226 expla-

108 3251 221 3309 nantur
243 3265 274 3327 p.
292 3247 363 3328 234,
384 3248 504 3326 llsqq.
529 3243 589 3320 (W.
609 3247 690 3321 145).

191 3347 421 3416 Restanttres
443 3345 526 3410 loni
543 3346 696 3429 eapitis
720 3345 816 3425 περὶ
840 3337 1060 3427 ἀφελείας,
1084 3347 1208 3431 quibus,
1232 3349 1260 3414 si

194 3567 218 3628 1)
234 3562 309 3617 Max.
329 3563 404 3618 Plan.
423 3563 467 3617 W.
488 3563 513 3617 V
532 3567 590 3628 111,
607 3567 636 3616 15
655 3564 738 3632 expl.:
757 3559 956 3634 ἐναγώνιος
973 3559 1085 3636 φράσις.

193 3651 219 3713 2)
237 3647 440 3702 Priscianus
458 3647 556 3711 (Halm.
570 3649 638 3702 rhet.
653 3648 684 3702 1..
698 3664 732 3703 m.
746 3664 773 3717 p.
787 3653 846 3712 552,
866 3653 920 3713 1511
938 3643 1045 3715 ‘cirilla
1063 3664 1129 3718 quae
1147 3650 1181 3702 alr
1199 3665 1260 3704 ore·

111 3733 214 3787 toribus
225 3733 253 3787 in
267 3733 433 3802 exponendis
449 3734 565 3788 sumitur
577 3727 684 3788 cuusln'.
716 3733 750 3786 el.
763 3734 859 3802 Apsin.
873 3734 920 3802 Sp.
933 3733 946 3786 I
959 3737 1017 3801 353,
1032 3738 1062 3788 10
1081 3734 1135 3798 (W.
1149 3735 1188 3789 lX
1200 3740 1261 3800 401)

112 3815 138 3872 αἱ
156 3817 185 3875 δὲ
207 3822 277 3885 (τῶν
294 3815 458 3891 διηγήσεων)
483 3811 669 3890 ιῖγωνιστικαὶ
694 3812 757 3875 οἷον
775 3815 852 3890 παρὰ
871 3827 932 3884 τοῖς
950 3823 1117 3886 πολιτικοῖς.
1153 3821 1260 3890 Doxop.

111 3900 180 3958 hom.
197 3904 226 3958 in
243 3903 382 3973 Aphthon.
408 3905 463 3967 (W.
481 3904 508 3958 ll
529 3907 591 3969 199,
613 3908 653 3968 18)
678 3911 752 3958 recte
769 3905 944 3974 Hermogenis
966 3908 1108 3960 termlnum
1126 3907 1261 3976 interpre-

112 3991 196 4088 tatrrp:
221 3985 353 4046 πολιτικὰ
372 3990 402 4046 δὲ
419 3985 454 4046 τὰ
470 3987 502 4045 ἐν
519 3998 581 4055 τοῖς
598 3994 756 4054 πολιτικοῖς
775 3983 884 4060 ἀγῶσιν
902 3990 941 4056 εἰς
958 3991 1060 4062 χρείαν
1079 4000 1141 4057 τοῖς
1158 3989 1261 4064 ῥήτορ-

112 4089 154 4128 σιν
169 4095 284 4144 ηκσντα.
