3004 4886
261 321 322 378 224
668 321 781 376 Carolus
799 321 1006 376 Brundstaetter

260 496 404 577 ignores:
427 494 585 577 imprimis
600 491 845 575 Isocratem)
869 495 1027 568 laudatur,
1050 499 1161 578 utpote
1181 498 1236 579 qui
1258 517 1324 563 non
1346 499 1421 562 sine

260 603 328 661 arte
340 597 501 662 orationes
514 601 685 678 componat
701 596 751 672 (cl.
764 617 795 680 p.
811 600 881 678 100,
895 599 936 679 8),
953 598 1007 679 qui
1019 605 1151 682 propter
1161 599 1295 664 nimiam
1310 601 1420 683 perio·

260 698 373 764 dorum
389 696 622 780 longitudinem
638 698 758 763 actioni
772 718 836 764 non
851 698 933 764 bene
949 698 1129 782 providerit
1144 702 1187 782 (p.
1206 703 1277 783 197,
1290 704 1309 762 5
1321 704 1419 783 sqq.),

260 801 315 883 qui
331 791 389 863 οὐκ
405 790 584 876 ἇμεθόδως
601 800 843 884 panegyricum,
866 799 1144 883 panathenaicum,
1168 801 1328 866 Helenam
1350 804 1419 866 ela-

260 902 423 968 boraverit
446 903 487 984 (p.
506 903 577 982 127,
594 902 657 983 20),
680 903 734 984 qui
750 903 803 967 vel
818 904 851 966 in
867 902 1025 967 malorum
1044 903 1181 985 gloriam
1196 903 1419 969 laudationem

261 1005 425 1087 scripserit
440 1007 484 1087 (p.
502 1006 574 1086 216,
594 1006 660 1086 19),
676 1004 715 1069 cf.
731 1025 762 1087 p.
776 1005 848 1085 321,
865 1007 894 1068 5.
924 1003 1007 1070 Tum
1025 1004 1272 1088 Polycrates
1286 1007 1419 1070 nomine

260 1104 484 1190 ῥητορικοῦ
507 1107 718 1188 σοφιστοῦ
740 1106 923 1190 appellatur
945 1112 1077 1189 propter
1098 1106 1280 1172 Busiridem
1302 1107 1418 1172 lauda·

259 1219 325 1273 tum
342 1215 384 1292 (p.
401 1209 473 1290 216,
496 1209 554 1291 19),
570 1206 901 1288 Thrasymachus
916 1215 952 1272 ut
966 1209 1081 1272 artium
1097 1208 1233 1291 scriptor
1249 1213 1291 1292 (p.
1309 1210 1362 1292 86,
1380 1213 1418 1272 15

259 1311 443 1391 mama).
474 1308 1418 1392 Alcidamas,Hegesias(!)²),Clitarchus,Ale-

259 1412 464 1477 xandreus
483 1410 765 1490 Demetriusil,
788 1429 982 1492 quamquam
1006 1431 1069 1476 non
1091 1411 1153 1493 ipsi
1178 1417 1333 1477 vocantur
1356 1433 1417 1475 ου-

260 1517 390 1596 φισταί,
413 1521 520 1578 tamen
534 1531 636 1596 prope
651 1510 809 1577 accedunt
823 1511 865 1576 ad
882 1531 991 1578 eorum
1007 1511 1137 1579 dicendi
1152 1532 1262 1595 genus,
1286 1519 1322 1578 ut
1337 1512 1418 1579 dicit

261 1614 486 1696 Philodemus,
511 1633 575 1679 non
598 1614 702 1680 solum
724 1613 930 1697 metaphoras
952 1614 1082 1696 aliaque
1104 1613 1321 1697 sophistarum
1343 1615 1416 1680 rhe-

259 1717 429 1783 toricorum
459 1721 646 1783 ornamenta
673 1715 831 1798 amplexi,
860 1715 919 1781 sed
946 1716 999 1780 vel
1027 1717 1144 1782 omnia.
1190 1716 1339 1798 Denique
1361 1719 1417 1799 qui

261 1817 504 1901 Polyphemum,
521 1817 728 1901 Penelopam,
745 1816 1043 1900 Clytaemnestram,
1067 1817 1217 1884 Paridem
1233 1819 1417 1902 epidicticis

260 1921 457 1987 orationibus
480 1925 707 2000 tractaverunt,
730 1939 794 1984 non
812 1918 931 1985 diserte
946 1919 1067 1986 additis
1090 1920 1282 2003 nominihus,
1306 1920 1416 2006 sophi-

259 2024 316 2088 stis
338 2023 588 2088 adnumerantur
615 2024 657 2104 (p.
675 2023 747 2102 216,
773 2024 916 2104 1911111.)
962 2022 999 2086 ln
1021 2022 1206 2087 universum
1235 2029 1343 2088 autem
1366 2042 1415 2088 re·

259 2124 436 2207 spicienda,
459 2130 495 2189 ut
517 2143 558 2188 ex
580 2121 765 2188 Philodemi
788 2123 947 2188 sententia
969 2123 1073 2205 dicta,
1097 2123 1197 2188 verba
1219 2143 1251 2207 p.
1269 2126 1340 2207 188,
1358 2129 1415 2190 21:

258 2221 343 2305 τάχα
357 2221 419 2309 γὰρ
443 2222 501 2289 ἐπὶ
519 2221 645 2289 τούτων
669 2226 723 2300 (so.
743 2223 959 2302 Θουκυδίδου)
982 2225 1171 2309 κατῆρχθαί
1192 2247 1243 2300 τις
1266 2223 1333 2308 ἒρεῑ
1354 2224 1416 2302 τὰς

259 2325 449 2412 διατριβάς,
475 2325 640 2407 ἷσχυκέναι
663 2324 699 2390 δὲ
722 2318 831 2401 οὐδεὶς
852 2323 896 2411 μὴ
920 2327 1041 2402 τελέως
1064 2319 1304 2407 ἀναισχυντῶν,
1329 2329 1414 2395 unde

259 2431 364 2496 elucet
385 2431 438 2496 vel
461 2430 573 2512 primis
596 2429 677 2509 illis,
701 2430 757 2511 qui
779 2428 820 2494 de
842 2428 1003 2496 rhetorica
1025 2430 1130 2495 meriti
1153 2436 1235 2512 sunt,
1262 2429 1340 2496 viris
1364 2451 1415 2495 so-

259 2531 435 2612 phistarum
451 2532 504 2604 (de
519 2534 559 2597 iis
574 2533 659 2597 enim
675 2530 893 2614 intellegenda
906 2551 972 2597 vox
988 2528 1159 2613 deosculat
1174 2531 1292 2596 collata
1306 2551 1337 2614 p.
1352 2534 1413 2598 219

258 2635 331 2700 adn.
359 2640 387 2710 1)
410 2653 526 2702 nomen
548 2654 568 2699 a
590 2632 782 2700 Philodemo
804 2633 972 2699 vindicari.

344 2736 501 2814 Quoniam
529 2739 615 2819 satis,
639 2741 776 2819 utputo,
799 2742 1001 2820 perspectum
1018 2733 1182 2817 habemus,
1205 2737 1311 2818 qualis
1326 2738 1413 2820 apud
1485 2749 1486 2752 ’

259 2837 483 2905 Philodamum
512 2839 554 2904 sit
576 2838 730 2922 sophista,
754 2857 817 2902 non
840 2835 970 2902 difficile
987 2841 1035 2902 est
1049 2835 1268 2904 demonstrare
1283 2839 1414 2922 signi·

257 2941 497 3006 ficationem
520 2939 724 3006 adiectivi
748 2935 1000 3024 σοφιστικὸς
1021 2938 1063 3003 ab
1082 2959 1120 3004 eo
1142 2941 1295 3024 usurpati.
1342 2941 1412 3024 Sig-

258 3041 367 3108 nificat
399 3042 484 3107 enim
513 3041 615 3123 primo
645 3042 716 3107 loco
750 3040 854 3124 quod
887 3041 1067 3124 pertinet
1099 3041 1148 3106 ad
1181 3041 1411 3128 sophistas,

259 3145 347 3208 velut
376 3164 405 3207 σ.
437 3141 667 3207 διδασκαλεῖον
700 3145 845 3226 (p.136,
871 3147 917 3225 7),
951 3163 980 3208 σ.
1005 3132 1170 3223 ἆτκραξίαι
1203 3147 1246 3226 (p.
1269 3146 1326 3228 38,
1350 3147 1411 3226 29),

257 3249 368 3325 τέχναι
395 3245 591 3330 σοφιστικαὶ
619 3246 652 3322 (1.
668 3264 695 3310 c.
711 3251 812 3327 artes,
843 3265 923 3327 quas
945 3245 1150 3328 scripserunt)
1177 3251 1210 3310 et
1232 3243 1412 3330 σοφιστικὰ

258 3347 521 3432 παραγγέλματα
542 3351 728 3431 (praecepta
743 3346 949 3429 scholastica)
970 3367 1002 3430 p.
1021 3349 1091 3423 185,
1110 3351 1138 3412 4.
1158 3350 1228 3432 184,
1246 3352 1275 3431 4,
1298 3341 1336 3412 τὸ
1355 3369 1412 3412 σο-

345 3487 368 3547 1)
386 3453 474 3535 1111111
487 3477 568 3548 igitur
577 3480 629 3534 alio
640 3495 722 3534 sensu
731 3479 866 3534 Isocrates
877 3480 930 3533 hoc
941 3479 1000 3533 loco
1011 3475 1150 3552 σοφιστὴς
1158 3480 1320 3549 appellatur,
1333 3495 1411 3550 quam
1483 3461 1484 3466 ἵ

248 3568 347 3636 11111111
364 3582 394 3622 11
411 3567 451 3620 ita
468 3565 621 3635 appellasse
638 3579 722 3633 supra
739 3564 853 3619 vidimus
872 3581 898 3631 p.
913 3568 974 3632 2083
999 3569 1116 3618 ceterum
1136 3564 1170 3618 cl.
1189 3581 1216 3634 p.
1230 3569 1279 3619 2111
1304 3568 1367 3622 adn.
1387 3571 1410 3620 2.

343 3657 368 3718 2)
386 3651 430 3705 Ex
442 3653 494 3706 hoc
507 3651 614 3706 nomine
633 3650 759 3718 suppleto
772 3664 789 3702 a
801 3649 953 3704 Sudhausio
965 3665 992 3718 p.
1009 3652 1064 3713 125,
1078 3653 1119 3713 21,
1138 3656 1266 3718 quantum
1284 3652 1362 3708 video
1374 3653 1410 3706 nil

256 3740 401 3793 lucramur.

343 3827 369 3888 3)
387 3839 413 3891 p.
430 3815 580 3889 18611ού
597 3817 740 3890 μόνοντὰ
754 3820 947 3894 προειρημένα
966 3819 1164 3893 περιέστησαν,
1182 3815 1254 3878 α’λλδι
1272 3824 1321 3876 καὶ
1339 3815 1411 3877 πολὺ

256 3904 387 3981 [i'ylyssov
400 3907 449 3973 (sio
459 3907 577 3976 Bueeh.;
590 3907 654 3961 lort.
666 3907 793 3972 uleiooi)
806 3909 865 3962 τῶν
876 3904 1038 3979 ῥητορικῶν
1050 3910 1199 3975 σοφιστῶν
1210 3903 1242 3962 ἐν
1254 3915 1318 3972 ταῖς
1327 3927 1410 3975 μετα-

257 4004 362 4068 φοραῖς
380 3989 611 4067 οἶνεστριέφησαν,
629 3992 656 4050 εἰ
671 3991 708 4063 μή
725 4012 767 4056 τις
785 3987 843 4063 ἄρα
861 3996 920 4048 τῶν
937 3987 1076 4050 ἁπάντων
1094 3989 1133 4056 ὡς
1150 3984 1322 4060 Ἀλκιδάμας,
1336 3987 1410 4063 ‘Hyp

256 4083 329 4147 σΙας,
348 4081 535 4153 Κλείταρχος,
552 4071 763 4150 Ἂλεξανδρήὺς]
782 4075 970 4150 Δημήτριος).
1007 4078 1042 4133 cl.
1062 4080 1252 4146 1111111153
1270 4078 1334 4133 adn.
1353 4081 1376 4130 3.
