3004 4886
242 315 302 372 206
646 312 759 368 Carolus
779 312 983 368 Braodstaetter

240 488 330 554 vocis
352 506 411 554 nso
435 493 556 554 certum
578 485 731 552 indicium
754 487 860 552 lacere
883 505 1059 569 possemus.
1097 487 1166 552 Iam
1190 487 1274 553 enlm
1298 487 1332 552 in
1355 506 1396 553 ec

241 595 386 656 versatur
402 589 557 672 quaestio,
582 595 617 653 ut
638 588 903 672 demonstremus,
927 607 1002 671 quo
1025 595 1204 673 tempore
1228 595 1265 655 et
1286 589 1399 674 apud
1486 657 1487 660 ,

242 711 343 776 quos
366 697 556 757 auctores
585 698 621 756 et
650 710 727 774 quo
750 711 870 757 sensu
892 691 1005 756 notio
1028 690 1242 775 sophistae
1266 697 1304 757 et
1326 691 1398 756 ad-

241 793 387 860 iectivi
411 787 657 877 σοφιοτικός
679 792 727 856 ab
750 792 874 857 initio
897 791 944 857 dc
967 792 1038 872 iis,
1067 812 1165 875 quos
1188 792 1303 858 modo
1328 792 1398 858 de·

241 895 498 979 scripsimus,
516 892 1398 976 hominihusadhibitaquasiterminusesse

241 1016 347 1062 mere
369 995 603 1062 rhetoricus
626 1002 664 1062 et
686 995 857 1080 proprie
880 995 928 1060 de
950 995 1172 1063 rhetoricis
1195 997 1282 1064 sive
1305 1017 1398 1082 per·

242 1100 357 1166 sonis
381 1099 469 1165 sive
493 1099 613 1164 rebus
635 1099 825 1182 usurpari
849 1104 992 1182 coepta
1014 1098 1078 1164 sit.

326 1302 501 1368 Videamus
524 1301 638 1383 igitur,
672 1320 766 1385 quem
796 1320 855 1385 par
885 1309 933 1368 est
961 1303 1064 1386 primo
1094 1303 1165 1369 loco
1195 1303 1394 1386 examinare,

241 1404 448 1471 Isocrates
471 1422 534 1484 quo
558 1421 653 1468 sensu
676 1401 841 1486 sophistae
863 1403 990 1468 nomine
1019 1423 1096 1470 usus
1124 1405 1176 1470 sit.
1221 1402 1284 1482 Qui
1307 1404 1396 1488 quod

241 1511 365 1588 septem
388 1506 478 1589 illos,
508 1504 562 1587 qui
592 1503 790 1586 ferebantur,
820 1505 982 1588 sapientes
1005 1504 1199 1572 Graecorum
1222 1506 1296 1581 (XV
1322 1509 1395 1572 235.
1489 1578 1490 1582 ,

241 1612 320 1690 3133
347 1607 495 1674 similiter
521 1606 563 1671 de
589 1606 788 1689 sapientibus
814 1607 892 1672 viris
913 1606 982 1670 151
1000 1609 1020 1685 ¹)
1037 1614 1069 1673 et
1083 1609 1115 1672 Il
1133 1610 1205 1686 13²)
1221 1610 1393 1687 etV12³))

240 1715 273 1776 et
294 1707 447 1792 physicos
469 1706 680 1792 philosophos
703 1709 793 1773 velut
815 1707 1058 1792 Empedoclem,
1088 1710 1214 1794 Ionem,
1243 1712 1394 1778 Alcmeo·

240 1830 324 1894 nem,
348 1809 583 1892 Parmenidem,
605 1809 770 1875 Melissum
787 1828 846 1875 nec
861 1829 925 1874 non
940 1810 1093 1892 Gorgiam
1112 1813 1248 1888 (scilicet
1262 1820 1395 1897 propter

240 1913 356 1978 librum
386 1912 427 1978 de
458 1912 553 1977 rebus
582 1911 781 1977 naturalibus
810 1912 974 1996 scriptum)
997 1912 1058 1978 XV
1074 1916 1145 1978 268.
1169 1917 1231 1978 285
1261 1923 1294 1982 et
1317 1917 1392 1982 Pro·

240 2022 396 2098 tagoram,
421 2013 586 2096 Gorgiam,
609 2013 773 2080 Melissum
789 2014 855 2078 X2
882 2013 1043 2098 sophistas
1065 2017 1219 2099 appellat,
1242 2025 1394 2086 anostra

239 2136 275 2183 re
303 2136 433 2200 prorsus
462 2117 604 2181 alienum
634 2121 691 2181 est.
735 2115 850 2198 Neque
879 2117 982 2198 magis
1006 2115 1069 2183 huc
1090 2118 1168 2185 facil
1190 2139 1235 2185 or.
1259 2119 1326 2186 XII
1344 2123 1391 2202 18,
1490 2113 1491 2144 I

239 2221 294 2286 uhi
322 2222 389 2285 τῶν
412 2211 576 2302 ἀγελαῖον
599 2219 771 2302 σοφιστῶν
782 2221 805 2294 ⁴)
835 2219 1029 2284 mentionem
1050 2219 1144 2304 facit,
1178 2223 1233 2304 qui
1256 2222 1392 2290 Hesiodi

240 2330 272 2389 et
293 2322 426 2390 Homeri
454 2319 648 2386 carminibus
671 2317 874 2402 explicandis
897 2337 1028 2402 operam
1050 2328 1180 2405 navant,
1202 2323 1393 2407 plerumque

239 2446 322 2510 quae
344 2425 401 2491 alii
424 2430 519 2489 antea
541 2421 692 2486 dixerunt
714 2425 913 2505 repetentes,
940 2428 972 2487 et
994 2441 1039 2488 or.
1062 2423 1095 2488 X
1114 2429 1144 2509 9,
1167 2425 1223 2490 ubi
1246 2423 1279 2489 oi
1302 2423 1392 2512 φάσ-

238 2551 350 2603 κοντες
376 2521 463 2590 εἶναι
494 2522 655 2607 σοφισταὶ
680 2523 734 2606 qui
763 2524 841 2607 sint,
865 2523 970 2589 elucet
996 2544 1037 2590 ex
1065 2524 1202 2593 adiectis
1228 2528 1338 2595 verbis
1361 2526 1393 2592 ci

239 2624 530 2716 ἀμφισβητοῦντες
552 2625 611 2689 τοῦ
634 2635 779 2709 φρονεῖν.
824 2625 861 2689 In
884 2626 1027 2692 oratione
1049 2633 1156 2693 autem
1183 2629 1281 2712 XIII,
1310 2650 1393 2714 quae

240 2733 384 2815 exceptis
402 2728 607 2795 iudicialibus
625 2727 894 2810 primoomnium,
913 2746 996 2810 quae
1011 2734 1143 2812 restant,
1159 2731 1392 2798 Isocratearom

239 2835 418 2902 orationum
444 2838 508 2913 est,
533 2835 678 2897 eontra
699 2828 913 2914 sophistas
936 2830 1071 2914 scripta,
1095 2831 1312 2915 sophistarum
1336 2855 1392 2901 nu·

238 2956 361 3004 merum
390 2933 545 3016 compleri
568 2935 600 3008 (§
618 2935 656 2997 19
673 2937 705 2996 et
723 2933 772 3006 14)
797 2936 907 3013 aperte
938 2931 1017 2997 dicit
1046 2933 1110 2998 sibi
1133 2934 1237 3000 videri
1265 2935 1392 3024 duobus

239 3041 294 3123 iis,
323 3056 406 3121 quae
428 3043 525 3101 antea
548 3032 756 3099 vehementer
779 3026 983 3115 perstrinxit,
1014 3032 1180 3100 hominum
1201 3039 1390 3118 generibus:

238 3141 388 3207 nimirum
419 3157 544 3220 eorum,
568 3155 647 3218 quos
670 3136 689 3212 ἓ
714 3136 796 3198 1-8
820 3140 853 3200 et
880 3136 985 3198 9-13
1014 3136 1203 3219 singillatim
1230 3142 1392 3207 tractavit.

239 3243 381 3322 Quorum
405 3240 454 3305 illi
477 3245 558 3319 sunt,
582 3238 637 3320 qui
660 3236 862 3302 eristicae
889 3237 991 3302 artis
1014 3239 1225 3322 veritatisque
1253 3242 1393 3309 studiosi

238 3345 327 3413 civili
351 3342 486 3410 scientia
509 3339 656 3406 docenda
678 3339 865 3404 felicitatem
888 3358 923 3404 se
946 3338 1113 3421 discipulis
1129 3348 1297 3432 paraturos
1320 3364 1393 3411 csse

238 3481 436 3492 -—.-.-.-.

325 3567 349 3625 1)
368 3563 426 3615 τῶν
438 3560 565 3629 ποιητῶν
576 3559 624 3611 καὶ
637 3559 696 3611 τῶν
710 3551 806 3612 ἄλλων
824 3558 979 3625 σοφιστῶν,
997 3552 1028 3612 εἴ
1040 3576 1065 3611 τι
1077 3552 1221 3630 χρήσιμον
1238 3557 1395 3633 εἰρήκασιν.

324 3649 349 3710 1)
365 3637 436 3715 μήτε
457 3647 514 3699 τῶν
531 3644 658 3712 ποιητῶν
680 3643 739 3695 τῶν
761 3633 988 3708 εὐδοκιμούντων
1009 3639 1080 3711 μήτε
1102 3643 1162 3697 τῶν
1179 3648 1329 3712 σοφιστῶν
1344 3667 1398 3718 μη-

238 3726 319 3796 δενὸς
337 3726 406 3786 οἷὀοΙ
420 3733 477 3786 δεῖν
495 3721 622 3798 desipere
640 3722 721 3796 ἔχειν.

323 3819 349 3880 3)
366 3823 428 3879 τοῖς
446 3807 547 3880 νόμοις
564 3815 612 3868 καὶ
630 3819 693 3876 ταῖς
711 3811 869 3874 πολιτείαις
881 3819 944 3875 ταῖς
957 3802 1014 3866 ὑπὸ
1028 3814 1087 3866 τῶν
1105 3817 1253 3883 σοφιστῶν
1270 3833 1396 3887 γεγραμ-

236 3901 343 3970 μένοις.
376 3899 411 3954 ο1.
430 3898 509 3953 adh.
528 3899 545 3954 l.
559 3897 702 3952 Aristct.
721 3896 776 3951 eth.
789 3895 849 3950 Nic.
867 3912 893 3964 p.
909 3895 988 3949 1181b
1001 3901 1015 3948 7
1030 3913 1067 3951 m
1083 3900 1157 3951 1181·
1173 3903 1203 3952 15
1222 3898 1396 3956 etPhilcd.

237 3986 270 4041 V.
284 3984 448 4046 H.¹V1lse‚
462 3987 486 4037 6.

322 4075 347 4134 l)
366 4069 402 4123 cl.
422 4068 534 4123 Useneri
552 4071 657 4137 quaest.
676 4066 801 4121 Ananim.
822 4069 887 4120 1856
905 4081 932 4134 p.
951 4070 979 4118 11
992 4080 1032 4133 sq.
