2990 4886
213 269 273 324 172
617 267 731 322 Carolus
749 267 957 324 Brandstaetter

210 440 400 507 adumbrata
430 441 636 523 sequentibus
667 441 774 508 verbis
797 448 830 507 et
852 442 1001 526 opposita
1023 443 1144 508 notioni
1168 438 1374 527 quidcunque,

211 562 306 609 sensu
334 542 533 626 amplissimo
563 543 619 607 illo
643 543 787 626 intellegi
817 543 949 627 debeat,
980 543 1128 609 nimirum
1156 537 1375 611 ‘cummuni

211 644 451 710 intellectui
473 635 847 711 aeoommodatum'.
882 645 989 710 Verba
1006 641 1058 720 αίς
1075 637 1169 709 οὗδὲν
1185 637 1283 730 ἦττον
1300 645 1372 709 κτλ.

211 767 274 813 non
298 747 401 812 minus
430 753 508 829 pulo
532 753 678 830 spectare
700 745 743 812 ad
772 745 1009 813 defendendam
1035 748 1124 813 illam
1149 748 1373 831 Hermagorae

211 849 378 930 rationem,
402 869 465 932 qua
486 847 667 914 rhetoricae
682 847 875 933 diseiplinae
891 847 999 914 theses
1014 849 1140 932 tribuit;
1164 849 1250 932 quod
1272 869 1372 916 nemo

211 970 331 1033 eornm,
355 951 410 1033 qui
426 949 590 1016 dillioilem
615 949 699 1016 hane
721 951 942 1033 quaestionem
965 957 1190 1034 tractaverunt,
1214 959 1373 1034 quantum

210 1055 288 1136 seio,
312 1054 451 1120 sensisse
473 1053 610 1120 videtur.

296 1156 442 1221 Alterum
471 1174 549 1221 vero
573 1174 710 1238 eumque
738 1156 890 1222 artiorem
920 1175 1048 1223 sensum
1078 1157 1111 1220 in
1135 1155 1195 1222 hae
1219 1176 1298 1222 voee
1322 1157 1372 1220 in·

211 1277 281 1324 esse
309 1264 387 1341 pulo
411 1257 466 1340 Sp.
483 1258 587 1343 1191,
613 1260 651 1321 12
673 1257 873 1335 (w.1199):
903 1255 941 1321 τό
973 1256 1009 1322 δὲ
1039 1259 1192 1322 τοιοῦτον
1217 1255 1266 1336 (τὸ
1291 1253 1372 1322 ἔπι-

211 1371 335 1443 φωνεῑν
350 1360 392 1444 τῇ
409 1357 570 1445 διηγήσει)
587 1351 668 1424 οὔθ’
697 1358 829 1446 ἱστορίᾳ
845 1363 977 1442 πρέπον
1000 1356 1091 1424 ἐστὶν
1107 1353 1183 1424 σότε
1203 1359 1372 1443 πολιτικηῖ

211 1459 309 1545 λόγῳ,
333 1459 470 1546 θεάτρῳ
487 1460 522 1525 δὲ
537 1462 592 1526 καί
609 1464 710 1549 σκηνή
725 1461 852 1543 μᾶλλον
868 1458 1068 1548 ἐπιτήδειον,
1092 1463 1146 1529 ubi
1169 1461 1249 1528 haee
1271 1463 1369 1528 inter-

208 1564 349 1646 pretatio
381 1561 622 1629 commendatur
651 1569 684 1628 et
710 1564 929 1648 oppositione,
959 1583 1055 1646 quam
1079 1562 1192 1629 Theon
1220 1565 1370 1646 instituit,

211 1671 243 1730 et
257 1665 464 1747 sequentibus
481 1665 589 1731 verbis
605 1664 661 1748 Sp.
677 1666 709 1730 ΙΙ
725 1667 775 1749 92,
793 1667 812 1729 6
827 1665 889 1742 (W.
906 1665 921 1729 Ι
937 1668 1027 1743 200):
1049 1665 1103 1729 καὶ
1120 1662 1185 1748 μὴν
1201 1665 1254 1728 καὶ
1271 1662 1370 1749 παρὰ

209 1777 281 1840 τοῖς
297 1763 455 1853 ῥήτορσιν
471 1759 623 1852 εόροιμεν
639 1755 680 1830 όν
696 1763 748 1847 (τό
766 1763 951 1851 ἐπιφωνεῖν
973 1765 1143 1852 διηγήσει),
1168 1757 1224 1846 οὐχ
1246 1757 1370 1851 ἥκιστα

210 1866 246 1932 δὲ
275 1869 331 1933 καὶ
358 1865 452 1952 παρὰ
481 1871 529 1953 τηό
560 1866 888 1954 πολιτικωτάτη)
910 1872 1126 1955 Δημοσθένει
1155 1869 1209 1933 καὶ
1240 1869 1272 1933 ἰν
1295 1881 1370 1946 τοῖς

210 1968 575 2048 πολιτικωτάτοις
597 1963 698 2035 αότοῦ
721 1970 842 2056 λόγοις,
866 1973 920 2038 ubi
936 1997 973 2037 π.
997 1972 1169 2056 signifieat:
1192 1965 1369 2038 ‘accinc-

210 2079 272 2139 tus
304 2073 358 2139 ad
392 2074 581 2140 civilium
616 2075 843 2141 orationum
877 2094 1010 2140 veram
1044 2075 1365 2142 contentionem³

208 2171 420 2258 (ἐναγώνιος).

294 2278 447 2345 Auctor
469 2278 725 2362 libellinsol
746 2275 894 2360 ὕψους,
918 2280 1051 2362 quinon
1071 2277 1368 2347 multoaTheonis

209 2387 315 2446 aetate
330 2380 458 2447 videtur
476 2382 605 2464 distare,
629 2383 661 2446 in
684 2402 710 2448 α.
730 2385 757 2464 1,
774 2384 793 2444 2
816 2383 858 2467 (p.
876 2384 905 2463 2,
925 2385 962 2445 10
980 2382 1030 2457 V.)
1038 2384 1058 2459 ¹)
1074 2402 1146 2448 oum
1169 2382 1263 2448 dioit:
1287 2379 1321 2446 εί
1333 2407 1369 2447 τι

209 2480 368 2564 δοκοῦμεν
392 2475 533 2565 ἀνδράσι
555 2483 803 2558 πολιτικοῖς
817 2487 1062 2569 τεθεωρηκέναι
1082 2481 1254 2571 χρήσιμον,
1278 2491 1311 2550 et
1333 2486 1368 2549 in

209 2606 235 2653 o.
252 2586 366 2670 XLIV,
386 2593 400 2652 1
425 2589 469 2670 (p.
487 2589 538 2671 66,
557 2591 594 2650 10
609 2587 673 2660 V.):
697 2587 847 2650 πιθαναὶ
863 2587 916 2650 καὶ
934 2585 1156 2651 πολιτικαὶ
1173 2584 1292 2670 φάσεις
1307 2579 1367 2651 οὐκ

209 2685 259 2752 ἐ’τι
280 2691 468 2773 γεννῶνται,
492 2690 588 2756 simili
606 2696 740 2772 utroquo
755 2691 827 2756 loeo
843 2688 967 2755 ratione
985 2697 1118 2772 usurpat
1140 2709 1253 2755 vooem
1268 2688 1369 2752 πολι-

209 2789 309 2874 τικὸς,
332 2793 389 2858 ἰΙΙα
410 2791 594 2876 significans
611 2791 766 2873 homines,
784 2793 838 2876 qui
855 2792 1053 2858 orationibus
1068 2791 1218 2858 civilibus
1234 2811 1366 2876 operam

208 2902 343 2977 navant,
373 2893 435 2959 hoo
460 2900 589 2960 naturas
612 2900 704 2977 aptas
725 2893 768 2958 ad
799 2895 980 2960 contionale
1004 2901 1037 2959 et
1058 2893 1210 2960 iudiciale
1233 2893 1365 2961 dicendi

208 3017 320 3081 genus·
354 2997 456 3062 Paulo
478 2995 662 3062 difficiliora
680 3003 753 3064 sunt
768 2997 869 3063 verba
885 3017 911 3063 o.
928 2996 975 3060 IX
994 2998 1032 3059 13
1049 2999 1092 3079 (p.
1113 3000 1160 3080 17,
1179 2997 1217 3060 18
1230 3016 1300 3080 sqq.
1313 2997 1366 3070 V.)

206 3091 257 3164 ‘od
285 3095 348 3182 γάρ
377 3095 427 3162 ’ότι
454 3109 526 3172 τοῖς
551 3091 703 3173 Ἰλιακοῖς
733 3097 871 3174 ἐκείνοις
900 3096 1086 3180 ποιήμασιν
1115 3096 1190 3162 ἰ’σον
1215 3095 1365 3163 ἐνταῦθα

209 3198 307 3285 σῴζει
329 3196 388 3264 τόν
410 3197 507 3264 τόνον
531 3191 602 3263 οὐδ’
629 3197 881 3283 ἕξωμαλιομένα
899 3197 941 3263 τὰ
964 3197 1033 3286 όψη
1056 3201 1111 3265 καὶ
1136 3198 1277 3288 ἱζήματα
1299 3225 1365 3286 μη-

210 3302 317 3385 δαμοῦ
335 3299 557 3385 λαμβάνοντα,
582 3295 658 3366 οὐδὲ
673 3298 732 3387 τήν
748 3301 910 3387 πρόχυσιν
933 3296 1054 3383 ὁμοίαν
1076 3304 1143 3366 ταῖν
1166 3299 1364 3389 ἐπαλλήλων
1468 3349 1469 3369 ι

208 3407 345 3488 παθών,
362 3395 491 3469 οὐδὲτὸ
509 3396 734 3488 ἀγχίστροφον
753 3405 806 3468 καὶ
823 3400 1052 3469 πολιτικὸν
1076 3405 1133 3468 καὶ
1156 3417 1230 3481 ταῖς
1254 3402 1289 3469 ἐκ
1305 3407 1365 3489 τῆς

209 3500 374 3594 ἀληθείας
390 3511 594 3591 φαντασίαις
610 3497 978 3588 καταπεπαινωμίνον’,
1003 3508 1092 3573 cuius
1113 3508 1176 3573 loci
1199 3543 1239 3552 -
1263 3527 1363 3591 quan·

209 3619 275 3677 tum
298 3610 341 3676 ad
362 3630 421 3676 nos
443 3644 485 3654 —
508 3611 801 3693 interpretationem
829 3609 904 3675 inde
926 3616 1004 3694 puto
1027 3609 1252 3692 repetendam,
1276 3611 1363 3694 qood
1467 3649 1468 3654 ι

209 3708 385 3777 πολιτικὸν
415 3712 547 3796 dieitur,
577 3732 641 3795 quo
672 3711 801 3778 differre
830 3712 914 3778 solet
943 3711 1048 3778 eivilis
1082 3712 1183 3778 oratio
1212 3712 1254 3778 ab
1283 3719 1363 3778 atte-

208 3821 306 3881 nuato
329 3815 506 3880 eommunis
529 3814 768 3882 consuetudinis
791 3833 953 3898 sermone,
984 3815 1053 3880 sive
1076 3833 1172 3897 urges
1195 3815 1362 3882 elatiorem

209 3961 245 3970 ι--

295 4038 319 4102 1)
337 4033 377 4089 (ll'.
397 4045 479 4100 supra
496 4035 595 4100 p.133.
