2990 4886
230 332 291 389 150
454 339 456 346 “
639 330 752 386 Carolus
770 329 975 386 Brandstaetter

230 511 265 582 4,
289 509 330 581 9).
381 503 491 569 Nihilo
522 510 629 569 tamen
659 505 762 570 minus
791 510 901 570 auctor
936 505 1096 570 intellexit
1126 524 1196 570 esse
1229 503 1387 587 quasdam

226 607 390 674 orationes
413 612 496 672 totas
519 608 641 691 positas
665 607 697 671 in
720 606 817 673 laude
840 615 871 673 et
893 607 1156 691 reprehensione,
1181 605 1222 671 ad
1246 612 1385 672 ostenta-

228 711 349 775 tionem
377 709 484 792 potius
517 728 612 790 quam
643 728 810 774 causarum
840 711 1009 775 veritatem
1042 709 1160 791 lactas;
1195 728 1258 774 non
1287 709 1387 791 igitur

227 811 452 877 dubitavit-
475 811 528 876 vel
551 811 700 892 neglecta
721 811 865 876 instituta
887 812 1067 878 ratione-
1091 811 1187 875 etiam
1211 809 1253 874 de
1275 829 1385 875 earum

229 912 382 980 methodo
394 913 492 994 loqui.
519 913 571 978 Ad
584 932 649 994 eos,
665 932 745 995 quos
761 914 840 978 dicit
855 909 1048 988 πολιτικοῖς
1068 909 1193 995 λόγοις,
1210 932 1272 977 non
1288 913 1386 995 perti-

229 1022 306 1081 nent
318 1014 379 1080 hae
389 1015 559 1096 orationes,
572 1016 633 1081 nisi
646 1015 725 1081 forte
738 1035 858 1098 paucas
869 1017 1040 1100 peculiaris
1051 1020 1184 1080 naturae
1197 1014 1329 1097 excipis.
1345 1049 1385 1057 —

316 1117 400 1182 Num
424 1109 813 1184 omnino‘rhetorica'
841 1137 889 1184 ex
912 1117 1044 1184 trihus
1067 1115 1288 1199 generibus
1312 1135 1385 1182 con·

228 1227 315 1286 stare
344 1219 374 1284 ei
402 1219 474 1284 visa
502 1219 660 1301 siliquae
683 1221 828 1301 quaestio
852 1220 1018 1304 camilla,
1049 1239 1144 1302 quam
1167 1219 1386 1300 tractavimus,

230 1343 293 1387 non
322 1329 370 1387 est
393 1321 644 1398 contundenda),
675 1323 744 1387 sive
767 1341 841 1387 num
865 1342 906 1387 ex
936 1323 1000 1388 illis
1023 1321 1260 1386 laudationibus
1283 1327 1316 1385 et
1337 1321 1385 1383 vi·

230 1425 484 1509 tuperati0nibus
513 1443 640 1506 genus
669 1424 875 1508 epidicticum
903 1431 1070 1508 praeter
1098 1424 1162 1489 duo
1189 1423 1247 1488 illa
1269 1423 1385 1488 consti-

230 1527 341 1608 tuerit,
373 1526 522 1608 equidem
550 1527 654 1591 fateor
683 1546 734 1592 me
764 1527 896 1593 nescire.
941 1527 1107 1608 Nusquam
1137 1527 1222 1591 enim
1247 1524 1288 1590 de
1318 1530 1387 1589 tota

230 1629 390 1696 rhetorica
405 1635 515 1693 auctor
530 1628 631 1694 verba
646 1629 731 1710 tacit,
756 1629 813 1695 sed
837 1630 923 1695 solos
947 1623 1140 1702 πολιτικοὺς
1164 1625 1281 1711 λόγους
1304 1633 1386 1692 trac·

231 1738 300 1796 tare
323 1750 357 1796 se
380 1729 562 1814 profitetur,
593 1730 679 1813 quod
707 1751 771 1796 non
794 1732 871 1796 licet
893 1731 1066 1814 neglegere
1090 1729 1189 1812 (quod
1212 1730 1287 1796 lecit
1309 1749 1336 1794 e.
1354 1749 1386 1810 g.

232 1832 453 1898 Volkmannus
476 1831 582 1898 Rhea?
600 1853 630 1917 p.
650 1837 687 1899 19
712 1840 744 1898 ct
765 1853 828 1898 uno
849 1834 963 1899 saltem
986 1835 1068 1915 loco,
1092 1833 1124 1896 in
1147 1831 1260 1915 philol.
1277 1831 1388 1896 XVIII

232 1938 310 2018 622,
340 1935 549 2018 Spengelius3
578 1936 677 2001 multo
707 1936 896 2019 prudentius
925 1935 1103 2000 Ftncknius
1125 1935 1145 1998 l.
1170 1935 1189 1999 l.
1208 1955 1239 2018 p.
1256 1936 1298 2012 9).
1343 1934 1388 2000 Ut

233 2039 395 2120 singulare
424 2036 586 2119 quoddam
618 2038 825 2120 epidicticum
855 2057 955 2120 genus
985 2057 1057 2103 enm
1083 2037 1237 2120 probasse
1259 2053 1387 2118 negem,

232 2140 313 2206 illud
329 2139 408 2204 mihi
423 2158 486 2205 non
502 2140 580 2205 satis
604 2141 701 2221 valet,
725 2140 811 2223 quod
833 2160 897 2205 non
920 2139 1039 2205 dIsertc
1063 2137 1170 2204 dabla
1189 2137 1387 2204 orationibus

233 2261 313 2307 voce
327 2248 447 2325 γένος
464 2243 575 2324 utitur3
599 2241 632 2306 id
649 2243 733 2307 enim
751 2262 792 2307 ex
808 2242 936 2307 silentIo
952 2242 1091 2307 auctoris
1108 2240 1299 2307 concludere
1322 2260 1387 2306 non

233 2345 317 2426 licet,
341 2365 413 2410 cnm
436 2345 490 2410 vel
512 2345 540 2410 si
556 2345 718 2427 peculiare
734 2363 835 2427 genus
852 2344 901 2410 his
918 2344 1113 2410 orationibus
1137 2341 1220 2409 ellici
1242 2342 1387 2426 putabat,

233 2453 338 2513 tamen
361 2449 394 2511 in
417 2446 478 2512 hac
502 2447 685 2510 πολιτικῶν
709 2444 813 2530 λόγων
837 2446 1027 2512 tractatione
1044 2465 1201 2528 nusquam
1225 2451 1310 2511 esset
1331 2463 1387 2510 ne·

232 2550 406 2616 cessarium
430 2568 484 2613 eas
507 2549 553 2612 ita
575 2548 743 2631 appellari.
781 2548 850 2613 Hac
872 2548 969 2630 igitur
991 2547 1032 2613 dc
1055 2567 1152 2614 causa
1174 2567 1237 2612 non
1259 2547 1386 2612 univer·

234 2671 302 2717 sam
325 2650 492 2735 Spengelii
515 2656 547 2715 et
569 2649 720 2716 Finckhii
743 2651 933 2717 sententiam
963 2669 1014 2716 me
1036 2650 1173 2733 probare
1196 2668 1294 2732 supra
1315 2668 1387 2731 pro-

232 2755 336 2820 fessus
359 2773 428 2819 sum
452 2757 494 2837 lp.
514 2754 595 2828 Ill).

322 2857 430 2921 Pauca
457 2854 608 2920 addenda
637 2861 711 2921 sont
738 2855 779 2920 de
802 2855 925 2937 verbis,
956 2853 1387 2937 quaeexstantSp.1174,

234 2963 272 3023 tt
298 2960 353 3022 κοὶ
382 2969 455 3030 ταῖς
479 2954 582 3032 ἰδίοις
612 2950 778 3037 όγιιλίοιιςτ
809 2957 888 3022 dicit
910 2958 1007 3039 igitur
1029 2977 1068 3022 ea
1091 2953 1179 3042 εἴδη,
1209 2961 1389 3038 quaesunt

235 3063 267 3127 in
291 3061 478 3133 πολιτικοῖς
508 3056 638 3144 λόγοις,
666 3058 815 3124 adhiberi
838 3061 935 3124 etiam
964 3060 996 3124 in
1023 3060 1157 3144 privatis
1180 3057 1388 3140 orationibus,

236 3171 270 3229 ut
285 3164 382 3230 etiam
405 3161 463 3227 has
483 3161 525 3226 ad
541 3157 744 3236 πολιτικοῖς,
768 3180 847 3243 quos
865 3160 954 3242 dicit,
977 3159 1094 3244 λόγους
1108 3180 1276 3227 numerare
1291 3162 1389 3229 facile

235 3266 337 3349 possit
369 3263 474 3330 videri
507 3299 549 3309 —
584 3264 721 3328 similem
755 3264 904 3328 nimirum
937 3265 1094 3328 rationem
1127 3270 1254 3330 secutus
1291 3271 1389 3348 atque

236 3369 345 3448 Plato,
377 3386 471 3449 quem
495 3385 593 3448 supra
622 3366 838 3431 intelleximus
867 3364 1046 3431 rhetoricae
1075 3367 1144 3432 sive
1171 3367 1388 3450 persuadendi

235 3471 296 3536 arti
326 3474 401 3543 (nou
429 3477 500 3542 τοῖς
529 3468 715 3544 πολιτικοῖς
742 3465 864 3551 λόγοις)
895 3468 1043 3534 tribuisse
1073 3475 1105 3534 et
1138 3469 1327 3534 civilium
1357 3477 1390 3536 et

236 3572 490 3656 privatorum
520 3571 728 3654 collegIorum
757 3593 857 3637 nsum.
904 3569 970 3636 Sed
999 3590 1038 3636 ne
1069 3569 1122 3636 hic
1151 3571 1281 3653 quidem
1311 3575 1389 3639 satIs

238 3673 299 3740 sibi
323 3679 468 3740 constare
490 3679 600 3738 auctor
630 3673 769 3739 incertus
791 3673 869 3738 mihi
899 3673 1041 3755 videtur,
1071 3679 1182 3755 utpote
1211 3673 1265 3756 qui
1294 3681 1390 3741 antea

237 3776 357 3841 dixerit
383 3774 446 3840 duo
475 3793 595 3857 genera
617 3793 688 3842 esse
712 3773 886 3838 πολιτικοῦ
907 3771 1020 3858 λόγου,
1051 3771 1335 3860 δημηγορικὸν
1358 3783 1389 3842 et

238 3873 472 3959 όικαιικόν;
496 3876 592 3942 immo
616 3878 831 3960 intellegimus
847 3876 975 3943 studere
991 3877 1121 3960 quidem
1145 3897 1218 3942 eum
1240 3886 1389 3945 accurate

238 3980 333 4045 rebus
349 3977 543 4062 digerendis,
560 3979 706 4045 utilitatis
718 3984 825 4044 autem
841 3999 938 4044 causa
952 3980 1175 4062 neglegentius
1191 3982 1389 4064 propositam

238 4081 442 4166 partitionem
472 4082 689 4164 materiaeque
723 4081 978 4147 terminationem
1012 4100 1142 4147 servare
1175 4088 1208 4147 ct
1239 4078 1281 4145 τό
1317 4080 1388 4167 et'rlq
