3004 4886
252 283 294 337 De
310 283 451 338 notionum
469 288 617 348 πολιτικος
635 287 662 337 et
679 279 816 354 σοφιστὴς
833 300 886 338 usu
903 284 1049 342 rhetorico.
1168 288 1229 343 255

159 456 197 520 In
213 458 362 538 altero,
386 476 482 539 quem
497 456 595 538 vulgo
618 456 724 522 eidem
746 456 975 540 adscripsimus
992 459 1228 543 Menandro,

64 559 113 624 de
130 559 316 643 epidicticis
332 560 529 625 orationibus
544 565 681 624 tractatu
697 559 797 625 verba
812 559 879 643 (Sp.
897 561 943 625 lll
959 566 1031 642 411,
1043 565 1100 644 29;
1116 563 1165 628 W.
1181 563 1230 628 IX

64 665 164 736 2l9lt
187 662 317 743 γένοιτο
341 652 372 724 b’
400 649 440 724 dv
462 661 517 724 καὶ
542 652 610 724 ἀπὸ
636 658 754 736 λέξεως
780 658 1076 750 ἐπιτετηδευμένας
1099 665 1154 728 καὶ
1176 687 1230 728 κε-

63 763 352 848 καλλωπισμένας
364 760 461 846 χάρις
478 760 511 826 ἐν
528 760 624 847 λόγῳ,
645 761 701 827 οἵα
717 758 841 850 doctor}
858 763 1042 842 Πλάτωνος
1056 767 1112 830 καὶ
1126 767 1230 837 Ξενο-

63 867 208 949 φῶντος
232 865 287 928 καὶ
310 867 376 928 των
399 868 577 948 νεωτέρων,
600 869 733 940 Δίωνος
754 867 809 930 καὶ
831 866 1063 950 Φιλοστράτου
1085 870 1141 934 καὶ
1164 869 1230 934 τῶν

65 969 308 1052 σοφιστῶν,
337 959 412 1031 ὅσοι
438 967 492 1031 καὶ
525 970 721 1032 συντιθέναι
742 966 780 1032 τὸ
806 969 1088 1055 συγγραφικὸν
1117 966 1231 1047 εἶδος

67 1071 127 1149 (ef.
154 1091 252 1152 supra
273 1090 305 1153 p.
324 1072 383 1132 178
407 1070 480 1135 adn.
501 1073 531 1148 2)
556 1068 672 1144 ἔδοξαν
692 1075 873 1153 χαριέντως
895 1074 1009 1138 iterum
1032 1073 1230 1156 confirmant,

65 1172 160 1254 qnod
173 1172 316 1236 maxime
330 1172 495 1255 proprium
512 1171 727 1254 sophistarum
744 1193 814 1239 esse
830 1174 980 1257 diximus,
997 1175 1150 1242 videlicet
1166 1177 1230 1242 elo-

66 1276 237 1340 cutionem
260 1279 329 1338 arte
351 1275 497 1358 politam,
519 1272 661 1340 flosculis
684 1275 876 1342 distinctam.
922 1278 971 1342 lix
987 1278 1120 1360 reliquis
1142 1279 1231 1361 apud

65 1376 213 1442 eundem
226 1375 442 1459 sophistarum
455 1378 809 1456 commemorationibus
825 1377 893 1463 (Sp.
906 1380 953 1443 ΙΙΙ
966 1381 1037 1462 418,
1054 1383 1102 1445 12.
1116 1383 1188 1464 393,
1202 1384 1230 1445 3.

68 1481 265 1562 388,17=
281 1479 330 1543 W.
346 1479 395 1543 IX
410 1480 483 1543 288.
507 1482 580 1544 254.
603 1481 678 1556 247)
700 1479 782 1544 nihil
803 1483 879 1546 novi
901 1482 1107 1548 addiscimus.

161 1581 346 1662 Adiungere
373 1580 423 1646 bis
451 1582 548 1647 liceat
575 1583 681 1647 locum
710 1582 961 1666 rhetoricae,
991 1605 1074 1668 quae
1103 1588 1231 1652 nomine

67 1683 370 1749 Halicarnassensis
392 1683 587 1766 Dionysii
613 1684 721 1750 falso
750 1685 849 1750 lentur
879 1689 987 1767 (quam
1010 1688 1038 1752 si
1061 1689 1231 1754 tacitum

67 1785 275 1868 quendam
301 1804 459 1852 sensum
483 1787 584 1851 secuti
606 1786 692 1851 circa
713 1786 880 1851 Menandri
903 1795 1050 1870 tempora
1072 1790 1231 1872 simulque

67 1888 185 1954 florem
208 1889 326 1954 aetatis
348 1887 546 1973 sophisticae
568 1890 710 1953 natalem
726 1909 782 1954 seu
801 1890 919 1956 rectius
941 1892 1102 1957 natales
1126 1893 1231 1976 egisse

69 1993 255 2073 opinamur,
272 2010 293 2054 a
308 2010 385 2056 vero
402 1991 458 2054 vix
474 1992 574 2055 multo
589 1990 773 2072 oberimus),
790 1991 863 2057 dico
879 2012 910 2074 p.
928 1995 999 2075 391,
1020 1996 1058 2057 13
1071 1994 1099 2058 R
1114 1996 1154 2069 (e.
1170 1993 1230 2071 X):

68 2094 180 2155 ταῦτα
195 2092 251 2155 καὶ
268 2086 354 2156 ἄλλα
369 2094 508 2156 τοιαῦτα
523 2085 701 2176 κεφαλαια,
719 2091 753 2156 ἐν
765 2105 840 2167 ταῖς
854 2095 920 2157 τῶν
937 2097 1142 2181 σοφιστῶν
1159 2094 1232 2160 dta-

69 2197 208 2277 τριβαῖς
230 2191 410 2275 εἰθισμένα
435 2186 678 2278 ἀγωνίζεσθαι,
703 2193 855 2281 φευκτέα,
882 2193 912 2260 εἰ
934 2194 1050 2277 μέλλει
1072 2221 1124 2273 τις
1146 2195 1233 2283 πρὸς

71 2294 241 2381 ἀλήθειαν
264 2293 454 2382 ῥητορεύειν
477 2298 528 2373 (ci.
545 2317 575 2380 p.
593 2300 665 2380 390,
683 2299 757 2362 3R:
782 2295 832 2373 οἷς
852 2300 998 2380 χρῶνται
1014 2298 1046 2364 οἱ
1068 2301 1232 2381 μελετῶν·

70 2421 145 2478 τες,
170 2389 228 2462 οὐκ
251 2386 291 2462 dv
311 2396 527 2484 χρησαμένων
549 2401 616 2463 ταῖν
640 2394 685 2475 (ὃς
709 2391 847 2484 ἀληθῶς
870 2398 1060 2484 λεγόντων),
1088 2405 1143 2469 ubi
1166 2423 1232 2469 ma·

71 2501 194 2584 gistros
211 2501 340 2567 dicendi
361 2501 649 2568 declamationibus
674 2511 847 2586 occupatos
862 2507 966 2570 notari
981 2513 1084 2589 patet;
1109 2506 1164 2589 qui
1179 2507 1233 2571 vel

71 2609 150 2686 post
161 2623 211 2685 ea,
228 2604 355 2686 quaein
367 2604 548 2687 appendice
560 2624 630 2670 sum
645 2605 796 2687 dicturus,
815 2606 964 2690 Dionysii
980 2607 1041 2674 boc
1053 2615 1150 2692 capnt
1161 2627 1233 2674 esse

71 2705 188 2787 credit,
201 2702 385 2787 χαιρέτω
402 2703 464 2780 οἷς
479 2696 500 2791 ἥ
509 2704 643 2788 daras,
663 2714 699 2773 ut
713 2727 785 2772 cum
801 2707 853 2773 Ps.
870 2709 1017 2792 Longino
1033 2711 1157 2793 loquar,
1174 2710 1231 2776 ad·

72 2810 197 2890 datque
220 2807 282 2874 hoo
303 2815 526 2890 argumentum
547 2810 598 2892 iis,
623 2829 706 2892 quae
721 2809 764 2875 ad
780 2811 974 2876 fulciendam
996 2818 1138 2876 nostram
1161 2831 1231 2878 sen·

71 2910 211 2975 tentiam
233 2910 409 2993 Dionysius
439 2931 536 2994 snpra
562 2913 716 2994 porrexit.
761 2913 871 2977 Altero
894 2912 980 2993 loco,
1003 2914 1232 2996 p.375,141t,

72 3007 244 3096 σοφιστὰς
266 3012 318 3078 Ρε.
335 3012 509 3096 Dionysius
533 3014 578 3078 ita
600 3019 838 3096 commemorat,
864 3019 899 3078 ut
920 3021 1045 3080 veteres
1067 3015 1233 3098 sophistae

71 3136 94 3179 a
117 3113 255 3180 Platone
277 3115 436 3197 perstricti
461 3115 670 3198 intellegendi
693 3117 765 3182 sint.

162 3215 358 3282 Himerius
373 3215 415 3281 de
430 3235 466 3282 se
481 3217 552 3298 ipse
568 3219 732 3284 confessus
748 3219 807 3283 ecl.
823 3217 884 3282 VII
899 3219 942 3300 (p.
959 3220 1009 3300 21,
1025 3221 1063 3282 12
1081 3219 1232 3299 Duebn.):

72 3314 140 3401 ἐγώ
162 3318 218 3381 καὶ
242 3316 448 3402 σοφιστὴς
470 3314 625 3404 ἐγενόμην
648 3311 732 3402 παρ)
758 3313 835 3399 ὑμῖν
853 3321 907 3382 καὶ
925 3318 1055 3404 πατήρ·
1079 3319 1109 3385 εἰ
1133 3344 1233 3408 σοφι-

72 3417 158 3504 στὴς
181 3416 306 3494 δεξιός,
334 3413 427 3499 ὑμεῖς
456 3416 663 3485 ἐπίστασθε·
693 3421 776 3504 λέγω
804 3416 867 3503 γὰρ
890 3412 961 3499 ἀεί,
991 3422 1047 3485 καὶ
1069 3420 1130 3509 τὴν
1153 3421 1233 3506 ἐμὴν

72 3521 253 3586 πολιτείαν
270 3518 336 3601 ἐ’χει
350 3517 392 3585 τὰ
408 3524 539 3606 θέατρα
555 3526 715 3590 orationes
730 3526 763 3588 in
779 3523 944 3588 theatro
960 3522 1125 3592 habendas
1141 3546 1231 3609 prae·

73 3627 208 3707 cipuum
224 3623 386 3706 sophistas
402 3626 566 3708 negotium
582 3646 653 3691 esse
668 3633 780 3708 aperte
796 3625 890 3708 dicit;
906 3626 1232 3722 necminusqr.V12

73 3729 121 3810 (p.
138 3729 189 3809 eo,
207 3728 244 3790 21
264 3727 411 3808 neena),
429 3728 483 3791 uer
501 3729 625 3810 quaere
640 3747 681 3794 ex
698 3728 921 3810 Philipporum
938 3727 1079 3792 civibus:
1101 3721 1156 3812 ἀρ’
1177 3714 1234 3794 οὖν

74 3824 286 3913 σοφιστὴς
309 3819 561 3912 ἆφθογχότερος
577 3826 693 3893 κύκνου
710 3826 897 3914 φανήσεται
913 3828 968 3892 καὶ
985 3831 1099 3915 σιωπῇ
1121 3853 1234 3916 παρα-

74 3931 255 4016 δραμεῑται
271 3927 373 3994 πόλιν
390 3922 546 4013 ἀρχαίαν,
562 3931 778 3998 etor.XX19
795 3934 838 4017 (p.
853 3933 904 4013 88,
918 3933 958 3994 46
976 3931 1127 4009 Duebn.):
1145 3933 1235 4000 δοκεῖ

75 4032 115 4098 δέ
130 4055 190 4115 μοι
205 4032 261 4096 καὶ
276 4025 294 4094 ὁ
311 4029 471 4115 Πρωτεὺς
494 4031 703 4116 σοφιστής
725 4055 777 4108 τις
791 4031 869 4109 τοὺς
885 4032 1002 4116 λόγους
1020 4032 1127 4112 δεινὸς
1141 4034 1235 4120 χενό-
