2990 4886
315 324 357 380 De
374 325 515 380 notionum
533 321 681 392 πολιτυιδς
699 329 727 380 et
744 322 882 399 σοφιστὴς
899 343 952 382 usu
969 327 1114 382 rhetorico.
1231 328 1290 385 141

138 498 237 583 Gorg.
253 520 284 584 p.
301 499 422 564 tutu:
450 496 487 564 τό
519 502 658 563 πείθειν
685 491 781 584 ἔγωγ’
815 497 887 565 οίόν
915 492 946 562 τ’
978 495 1159 578 εἶναιτοῖς
1181 499 1293 585 λόγοις

136 602 193 666 καὶ
223 598 257 665 ἐν
288 598 493 688 δικαστηρίῳ
524 597 684 676 δικαστὰς
712 602 767 666 καί
798 599 831 666 δν
859 603 1084 688 βουλευτηρίῳ
1112 601 1293 686 βουλευτὰς

137 704 266 780 (iterum
283 701 414 768 δικαστ.
430 704 657 788 antepositum)
672 705 727 768 καὶ
747 701 781 768 ἒν
800 700 955 791 ἐκκλησίᾳ
978 701 1215 790 ἓκκλησιαστδς
1236 701 1293 768 καὶ

138 801 173 868 ἐν
196 799 287 890 όίλλῳ
312 802 459 890 ξυλλόγῳ
482 809 600 883 παντί,
631 795 724 880 ὅστις
752 792 792 870 δν
814 803 988 882 πολιτικός
1013 804 1168 891 ξόλλογος
1179 807 1199 883 ¹)
1222 810 1293 889 γίγ-

139 929 252 992 νηται,
279 908 333 973 ubi
357 908 435 970 πολ.
460 906 612 990 ξύλλογοι
635 907 757 992 publici
780 909 980 991 potissimum
1004 919 1036 976 et
1057 930 1078 975 a
1099 908 1207 974 multis
1230 908 1291 973 fre·

138 1010 282 1092 quentati
298 1011 507 1094 intellegendi
522 1017 595 1078 sunt
611 1011 697 1092 (ooll.
714 1009 812 1093 Gorg.
829 1031 859 1093 p.
876 1015 938 1075 452
953 1013 981 1076 Ε
1003 1008 1045 1074 τὰ
1068 1007 1196 1096 πλήθη.
1231 1014 1293 1074 454

137 1109 224 1176 lete
248 1110 478 1197 δικαστηρίοις
505 1137 542 1177 τε
573 1113 628 1178 καὶ
658 1105 773 1188 ἄλλοις
796 1105 916 1192 όχλοις.
958 1113 1063 1180 4560
1090 1110 1123 1178 ἓν
1154 1109 1292 1199 πλήθει.

138 1214 244 1280 459Β
268 1211 301 1278 ἐν
325 1205 384 1278 οὐκ
406 1211 514 1278 εἰδόσι
536 1252 577 1261 -
600 1211 749 1280 ἐνταῦθά
771 1237 817 1297 γε.
853 1213 994 1299 uuthyd.
1016 1235 1047 1298 p.
1065 1215 1171 1282 29οΑ
1199 1213 1294 1298 λογο-

138 1317 241 1380 ιτοιοῦ
263 1318 357 1402 τέχνη
375 1365 381 1378 .
400 1367 407 1380 .
425 1315 589 1382 δικαστῶν
611 1340 648 1382 τε
670 1317 725 1380 καὶ
749 1313 995 1402 ἐκκλησιαστῶν
1017 1319 1072 1382 καὶ
1094 1319 1160 1380 τῶν
1184 1308 1294 1379 illino

139 1409 247 1496 ίχλωυ
276 1415 434 1504 κήλησις).
484 1419 642 1502 Intellego
676 1419 774 1502 igitur
806 1419 862 1485 illo
896 1419 984 1502 looo,
1018 1419 1059 1486 de
1093 1439 1155 1503 quo
1188 1420 1293 1503 agitur

138 1518 290 1594 (Phaedr.
307 1521 369 1584 258
386 1521 438 1604 D),
459 1517 614 1586 ἰδιωτικὰ
631 1521 879 1604 συγγράμματα,
904 1540 1114 1604 quaeeunque
1129 1539 1193 1586 non
1209 1540 1292 1586 oom-

137 1629 299 1704 ponuntur
319 1643 340 1688 u
362 1623 511 1690 civilibus
527 1623 605 1689 viris
620 1623 653 1688 in
675 1624 873 1706 reipublicae
896 1622 1182 1706 administratione,
1205 1623 1294 1688 velut

138 1723 209 1806 ipse
231 1723 350 1806 Lysiae
372 1727 547 1792 amatorius
569 1725 609 1790 iis
631 1724 850 1792 accensendus
873 1743 945 1792 esse
968 1725 1047 1790 mihi
1069 1725 1206 1791 videtur.

224 1825 261 1890 In
283 1823 433 1894 Phaedro
455 1847 519 1893 non
542 1826 642 1892 multo
665 1832 738 1909 post
761 1845 800 1892 eu
828 1845 911 1910 quae
940 1828 1162 1910 tractavimus,
1192 1829 1293 1896 verbo

137 1927 276 2009 legimus
292 1927 374 1995 haee
396 1931 438 2012 (p.
456 1932 518 1993 277
534 1929 589 2006 Dl:
615 1922 660 2004 ὡς
677 1925 744 1992 ε’ίτε
759 1932 897 2003 Λυσίας
918 1920 939 2011 η’
960 1950 1012 2003 τις
1028 1921 1128 2004 ἄλλος
1150 1925 1293 1993 πώποτε

139 2025 288 2111 ἔγραψεν
310 2017 331 2117 ἢ
352 2027 478 2114 γράψει
501 2028 572 2116 ἰδίᾳ
593 2018 615 2117 ἢ
639 2029 786 2116 δημοσίᾳ
801 2025 936 2116 [νόμους
954 2025 1078 2116 τιθείς]
1095 2027 1293 2113 σύγγραμμα

139 2128 314 2196 πολιτικόν
328 2129 466 2218 γράφων
481 2134 536 2196 καί
553 2129 697 2218 μεγάλην
712 2127 788 2196 τινὰ
805 2129 838 2196 ἓν
856 2127 945 2216 αὕτη]
967 2129 1172 2218 βεβαιότητα
1193 2126 1293 2217 ἡγού-

138 2256 238 2316 μενος
259 2234 344 2313 κτλ,
375 2254 458 2318 qnae
481 2234 581 2300 verba
604 2234 681 2317 quin
703 2234 872 2300 reserenda
894 2236 958 2302 sint
980 2236 1022 2302 od
1046 2235 1103 2300 illa
1124 2255 1155 2319 p.
1173 2235 1291 2320 2581),

139 2334 218 2402 mihi
240 2336 370 2419 quidem
393 2357 457 2403 non
480 2342 530 2402 est
545 2334 685 2401 dubium.
724 2335 885 2404 Confiteor
907 2343 1014 2419 autem
1037 2357 1089 2404 me
1111 2357 1174 2404 non
1196 2357 1293 2421 posse

139 2437 294 2520 expedire
324 2437 408 2508 huno
437 2440 542 2505 locum
566 2476 607 2486 -
633 2440 661 2505 si
691 2438 788 2504 modo
817 2438 947 2506 dicendi
976 2459 1068 2506 usum
1091 2439 1292 2506 Platonicum

138 2541 214 2606 nolo
229 2540 402 2623 neglegere
417 2576 468 2623 —,
492 2542 555 2607 nisi
571 2547 697 2626 praeter
720 2543 820 2608 verbu
833 2535 969 2624 ‘viuoog
989 2533 1115 2618 uteelg'
1134 2563 1155 2609 a
1171 2541 1292 2610 Sohlei·

139 2641 324 2708 ermuohero
355 2641 463 2710 deleta
496 2662 647 2728 expungo
682 2645 778 2709 etiam
811 2645 912 2711 verbo
946 2639 1122 2710 notaculo
1154 2642 1293 2730 γράφων

139 2741 288 2830 (γράφων
311 2744 374 2810 del.
398 2746 494 2812 etiam
512 2745 685 2825 Badhoml:
709 2765 783 2812 narn
805 2747 907 2812 altera
930 2754 1085 2832 exparte
1109 2766 1205 2815 voees
1228 2770 1293 2812 πο-

140 2843 265 2923 λιτικὸς
287 2853 319 2913 et
342 2845 489 2932 δημοσίᾳ
510 2849 638 2915 ΡΙαίουί
665 2850 746 2914 inter
768 2868 803 2914 se
826 2868 888 2914 non
911 2847 1064 2914 differunt
1086 2850 1137 2926 (of.
1154 2849 1292 2916 Phaedr.

121 2969 170 3032 ·p.
183 2953 242 3016 261
257 2951 287 3015 Α
302 2956 335 3016 et
349 2949 440 3034 soph.
457 2971 487 3034 p.
505 2953 566 3014 222
584 2951 612 3015 D
629 2971 701 3016 oum
712 2950 810 3034 Gorg.
827 2953 889 3014 452
902 2950 946 3034 E3
963 2950 1060 3034 Gorg.
1077 2952 1139 3015 484
1154 2951 1184 3015 D
1202 2947 1292 3015 ἰδίαν

138 3039 159 3138 ἢ
188 3047 364 3137 πολιτικὴν
392 3073 451 3137 pro
484 3053 694 3120 antecedente
725 3051 796 3140 ἰδίη
824 3053 880 3117 καὶ
910 3050 1083 3139 δημοσίᾳ),
1118 3054 1221 3120 altera
1251 3073 1293 3119 ex

138 3161 230 3238 parte
261 3151 332 3241 ἰδίᾳ
358 3163 481 3240 pugnat
509 3176 581 3223 oum
610 3158 740 3223 notione
769 3151 943 3232 πολιτικός
971 3157 1025 3222 vel
1047 3155 1221 3223 seeundum
1244 3176 1292 3237 ea,

141 3276 223 3340 quae
238 3257 282 3322 ad
296 3256 436 3324 Phaedr.
452 3261 513 3323 258
530 3259 560 3324 D
576 3259 673 3326 modo
689 3260 906 3343 exposuimus.
946 3257 1058 3325 Statuo
1074 3259 1171 3341 igitur
1193 3259 1293 3324 verbu

227 3413 252 3472 1)
269 3407 315 3462 Ex
332 3413 390 3462 toto
407 3408 459 3462 hoo
477 3407 583 3477 dialogo
601 3408 712 3464 fluxisse
724 3408 906 3464 definitionem
924 3409 998 3463 illem
1015 3408 1165 3463 rhetoricae
1178 3407 1293 3475 Gorgiae

141 3492 307 3562 adscriptum
324 3492 370 3560 (ol.
384 3493 493 3562 Quintil.
506 3493 534 3547 II
550 3499 588 3557 15,
601 3498 653 3561 21),
670 3508 739 3562 quae
758 3499 847 3548 exstut
864 3509 908 3564 up.
922 3493 1010 3548 Wulu.
1024 3493 1075 3547 Vll
1093 3496 1135 3558 33,
1149 3496 1189 3560 28,
1208 3492 1292 3561 Spen-

139 3578 225 3646 gelius
242 3579 345 3646 primus
363 3579 430 3634 dixit
447 3583 528 3648 utque
546 3582 589 3634 est
605 3578 786 3634 menifestum.
822 3577 918 3648 Neque
935 3578 1106 3648 Spengelium
1123 3582 1182 3642 (art.
1198 3577 1292 3646 script.

141 3679 166 3731 p.
179 3665 222 3716 35.
241 3661 274 3718 de
286 3663 354 3718 rhet.
367 3663 452 3718 Arist.
465 3681 492 3734 p.
506 3669 532 3726 lt
549 3678 637 3732 neque
648 3662 848 3719 Volkmannum
866 3663 969 3728 (Rhet.²
981 3668 1007 3728 4)
1025 3662 1130 3727 uidisse,
1149 3662 1221 3732 quotl
1239 3678 1293 3718 non

140 3748 229 3802 minus
246 3747 419 3802 manifestum
435 3756 484 3814 est,
502 3749 629 3804 nimirum
646 3748 675 3802 in
694 3749 747 3803 huo
765 3747 920 3803 definitione
937 3763 987 3818 pro
1005 3743 1103 3819 λόγοις
1120 3747 1293 3804 scribendum

140 3847 200 3888 esse
219 3823 431 3905 ‘ootlciyouc'
453 3835 529 3889 valde
546 3833 640 3902 miror3
663 3835 788 3902 proiectu
805 3834 876 3888 enirn
894 3837 958 3888 sunt
975 3834 1042 3888 haee
1059 3833 1141 3888 uerbo
1159 3848 1192 3887 ex
1211 3833 1292 3901 Gorg.

140 3935 166 3988 p.
185 3921 235 3972 452
251 3918 284 3972 Ε.
321 3917 472 3990 συλλόγοις
496 3936 546 3988 pro
569 3916 668 3992 λόγοις
688 3918 811 3988 reposuit
834 3917 991 3974 Schleierm.
1015 3919 1130 3974 Phaedr.
1150 3935 1177 3987 p.
1195 3923 1244 3972 218
1263 3917 1293 3971 Ο.

140 4003 244 4059 Eadem
262 4005 417 4140 corrupglu
434 4005 547 4060 subesse
563 4005 629 4059 milri
641 4005 699 4059 risu
716 4011 759 4059 eet
775 4004 803 4057 in
822 4004 906 4059 schol.
920 4003 955 4057 ud
967 4003 1082 4058 Phuedr.
1095 4020 1121 4072 p.
1137 4008 1184 4058 261
1200 4004 1221 4056 Β
1241 4003 1292 4070 (ed.

140 4087 353 4159 saltuosos
384 4116 390 4128 .
