3004 4886
287 319 328 373 De
346 318 487 374 notionum
505 315 655 386 πολιτικὸς
672 325 701 375 et
718 339 855 392 σοφιοτης
873 337 925 375 usu
942 320 1085 376 rhetorico.
1204 321 1264 378 205

111 491 216 558 bibito
245 491 410 576 sophistae
437 493 549 576 quales
578 494 776 576 fuissent,
812 514 875 560 nou
911 495 1023 577 quales
1048 515 1068 559 a
1091 493 1264 560 Socraticis

112 594 319 678 philosophis
328 594 579 678 comoediaeque
588 596 692 679 poetis
700 596 884 662 cavillando
896 595 1098 680 descripti
1113 601 1264 677 esseut,

114 715 271 780 quaerere
293 697 447 782 perrexit,
470 697 534 762 iam
555 717 639 762 nunc
661 703 795 779 constat,
819 717 899 781 quos
922 696 1084 780 sophistas
1107 697 1210 780 quinti
1233 703 1266 762 et

117 800 225 882 quarti
240 819 269 864 a.
286 797 361 864 Chr.
383 819 414 863 n.
437 799 558 864 saeculi
573 799 704 882 proprie
721 799 861 865 solemus
883 800 1060 883 appellare,
1084 819 1139 864 eos
1154 799 1264 880 luisse,

112 901 169 983 qui
200 920 271 966 cum
301 901 513 966 ostentatione
544 900 683 984 quadam
707 901 865 983 omniurn,
895 920 978 984 quae
1006 900 1049 966 ad
1071 901 1158 966 vitae
1180 901 1263 965 utili·

109 1009 211 1068 tatem
234 1003 411 1085 pertinent,
438 1022 544 1069 rerum
567 1003 734 1069 scientiam
756 1001 905 1069 mercede
927 1023 962 1069 se
984 1002 1133 1068 docturos
1146 1005 1168 1076 ¹)
1191 1022 1263 1086 pro·

107 1102 298 1186 litabantur,
325 1123 409 1187 quae
433 1103 563 1188 quidem
586 1105 760 1188 professio,
784 1112 820 1169 ut
842 1106 981 1170 omnium
1005 1105 1182 1170 communis
1206 1110 1263 1184 est,

109 1207 155 1271 ita
179 1206 302 1271 variam
325 1206 411 1290 apud
428 1207 535 1273 varios
551 1207 685 1290 praebet
707 1208 858 1290 speciem,
882 1227 945 1290 quo
963 1206 1008 1289 fit,
1031 1213 1066 1272 ut
1087 1207 1172 1272 hono
1195 1207 1263 1271 iure

108 1309 163 1374 vel
187 1309 220 1373 iu
243 1315 386 1376 nostrum
410 1329 501 1375 usum
518 1316 680 1376 vertamus
700 1309 888 1375 Platonis
910 1310 943 1373 in
966 1308 1111 1394 sophista
1133 1308 1263 1390 dialogo

108 1414 153 1495 (p.
175 1413 237 1475 218
257 1411 292 1478 O.
315 1414 377 1475 226
391 1413 428 1476 Α.
452 1413 509 1476 231
534 1412 569 1476 Β.
595 1413 656 1478 236
676 1411 711 1477 (l.
735 1412 848 1486 232Α)
872 1411 988 1493 verba,
1012 1412 1127 1495 quibus
1150 1411 1264 1477 iterum

107 1514 290 1597 iterumque
312 1513 477 1580 confitetur
503 1533 567 1578 nou
590 1513 685 1580 facile
708 1533 779 1580 esse
802 1513 844 1578 ad
867 1513 1161 1594 demonstrandum,
1184 1512 1262 1596 quid

109 1617 151 1683 sit
180 1615 399 1699 sophistarum
431 1635 541 1697 genus.
591 1613 741 1680 Omnium
771 1634 847 1682 vero
875 1615 1095 1682 discriminum
1121 1616 1263 1682 varietas

108 1718 151 1786 ad
181 1719 261 1783 duo
291 1718 490 1801 potissimum
520 1717 619 1782 redit:
653 1718 786 1782 altera
819 1718 903 1783 enim
938 1716 1153 1801 sophistarum
1187 1737 1263 1801 pars

108 1821 285 1904 praecipue
307 1815 483 1902 πολιτικὴν
505 1822 619 1904 τέχνην
641 1818 806 1902 profitetur
835 1826 867 1885 et
889 1811 1063 1900 εὐβουλίαν
1089 1820 1167 1900 περὶ
1197 1820 1264 1882 τοῖν

110 1920 243 1986 οἰκείων
265 1923 320 1986 καὶ
344 1922 410 1985 τῶν
433 1921 492 2008 τῆς
516 1918 646 1995 πόλεως
669 1921 890 2005 (Protagoras,
914 1921 1079 1994 Prodicus,
1103 1921 1263 2004 Hippias),

108 2027 248 2090 altera
263 2025 421 2108 imprimis
437 2021 612 2109 ῥητορικὴν
628 2019 788 2105 (Gorgias,
811 2023 918 2108 PoluS,
943 2023 1138 2106 Licymnius,
1162 2021 1263 2088 'Phra-

110 2123 301 2209 symachus,
332 2123 522 2190 Theodorus
554 2124 750 2207 Byzantius).
798 2121 892 2201 Quod
930 2144 993 2190 uon
1031 2125 1077 2190 ita
1103 2125 1264 2207 accipien-

110 2228 205 2310 dum,
239 2233 274 2292 ut
307 2227 399 2310 quasi
429 2227 461 2290 in
496 2226 572 2290 bina
605 2232 709 2292 castra
741 2227 824 2290 inter
852 2245 886 2291 se
923 2227 1074 2309 opposita
1105 2225 1264 2309 sophista-

109 2349 179 2395 rum
204 2327 367 2394 cohortem
391 2328 580 2394 discessisse
602 2328 785 2411 opinemur;
808 2347 882 2391 uam
905 2329 1008 2392 altera
1029 2347 1104 2410 pars
1126 2329 1264 2411 plerum·

111 2449 175 2513 que
198 2431 330 2496 alterius
354 2430 477 2494 muneri
492 2432 549 2493 vix
572 2436 698 2512 poterat
720 2449 784 2492 nou
806 2448 1000 2511 succurrere,
1025 2431 1176 2513 quoniam
1199 2431 1264 2496 illis

110 2532 309 2616 temporibus
337 2550 442 2596 rerum
469 2531 612 2596 civilium
643 2531 760 2613 peritia
792 2537 889 2614 atque
923 2531 1160 2598 administratio
1194 2553 1265 2599 cum

110 2634 272 2702 rhetorica
293 2634 486 2700 artissimam
511 2631 650 2698 habebat
673 2634 942 2699 communitatem.
991 2635 1039 2700 Ac
1061 2634 1265 2701 rhetorici

111 2737 252 2820 quidem,
276 2743 311 2800 ut
325 2737 372 2801 ita
387 2735 503 2816 dicam,
527 2735 614 2801 illius
629 2736 745 2800 aetatis
768 2733 932 2818 sophistae
949 2736 1107 2820 duplici
1128 2739 1264 2819 plerum·

111 2857 172 2920 que
196 2839 326 2921 negotio
349 2837 536 2919 funguntur:
565 2855 704 2919 namque
729 2835 917 2918 epidicticas
947 2839 1107 2904 orationes
1137 2858 1265 2922 compo-

109 2947 189 3004 nunt
203 2941 257 3005 vel
272 2938 392 3004 habent
408 2945 440 3003 et
454 2938 646 3004 rhetoricam
669 2945 770 3003 artem
792 2957 850 3004 seu
872 2938 1019 3004 docendo
1041 2958 1098 3004 seu
1114 2943 1266 3023 exempla

109 3042 320 3127 proponendo
343 3041 482 3124 tradunt,
505 3042 623 3124 quain
647 3041 844 3106 institutione
860 3041 974 3106 iterum
999 3042 1265 3126 epidicticam

109 3144 356 3210 rhetoricam
380 3143 536 3225 imprimis
558 3143 742 3226 respiciunt,
765 3162 828 3208 non
850 3163 979 3226 prorsus
994 3149 1102 3210 tamen
1117 3145 1266 3227 neglecta

108 3245 346 3320 iudicialiu.

197 3349 287 3414 Haec
308 3348 420 3432 paucis
442 3347 677 3430 praemittenda
699 3346 840 3428 fuerunt,
869 3353 904 3411 ut
927 3347 967 3413 de
990 3348 1149 3416 rhetorico
1173 3349 1265 3416 huius

199 3487 223 3547 1)
242 3480 400 3548 Ubicunque
412 3481 440 3533 in
453 3479 613 3548 explicanda
625 3493 690 3533 voce
708 3476 845 3550 σοφιστὴς
858 3494 923 3532 voce
934 3482 1091 3548 magistri
1109 3481 1164 3536 sive
1183 3483 1265 3537 doc-

113 3567 200 3623 toris
212 3571 283 3630 utor,
296 3565 334 3619 ita
345 3565 422 3619 velim
435 3579 477 3618 me
488 3564 635 3632 intellegas,
648 3569 742 3619 utnon
754 3567 846 3632 putem
859 3563 1006 3618 secundum
1018 3567 1204 3634 etymologiam
1218 3587 1265 3624 σο-

112 3647 214 3723 φιστὴν
226 3665 285 3706 esse
296 3651 505 3717 magistrum.
530 3649 620 3704 Probo
630 3650 709 3715 eninr,
722 3649 766 3703 vel
775 3648 941 3704 Steiuhartio
954 3649 1055 3714 (Platea
1063 3651 1157 3706 Leben
1167 3667 1194 3720 p.
1206 3656 1264 3718 258)

112 3738 280 3802 adversante,
298 3735 446 3790 Hermauui
463 3735 624 3790 senentiam
642 3735 659 3788 l.
678 3734 696 3789 l.
715 3751 741 3803 p.
756 3738 855 3804 308sq.

197 3826 222 3888 2)
240 3820 291 3875 Vel
305 3820 459 3888 Gorgiam
472 3835 531 3874 eam
544 3820 694 3889 respexisse
710 3819 842 3874 evincitur
853 3820 915 3875 loco
925 3821 1007 3875 Arist.
1020 3826 1071 3876 art.
1084 3821 1152 3875 rhet.
1165 3823 1205 3875 lll
1220 3827 1265 3877 18:

110 3909 168 3963 δεῖν
186 3901 239 3978 ἔφη
257 3908 387 3978 Γοργίας
406 3901 457 3975 τὴν
476 3900 603 3976 σπονδὴν
621 3907 798 3978 διαφθείρειν
815 3909 874 3961 τῶν
891 3904 1066 3963 ἐναντίων
1083 3907 1196 3978 γέλωτι,
1213 3905 1266 3964 τὸν

112 3991 141 4047 d's
152 3991 263 4063 γέλωτα
276 3996 393 4062 σπουδῇ.
424 3991 508 4045 lsoer.
519 3991 570 4044 XV
583 3995 632 4045 203
642 4007 664 4046 s.
679 3986 746 4055 τοὺς
757 3991 809 4059 μὲν
827 3985 923 4047 αὐτῶν
935 3987 1050 4057 ἱκανοὺς
1068 3985 1267 4064 ἀγωνιστὰς

113 4068 369 4142 α’ποτελεσθὲντας,
387 4071 454 4141 τοὺς
469 4075 500 4132 δὲ
519 4073 660 4132 παιδεύειν
679 4073 794 4146 ἑτέρους
812 4077 991 4147 δυνηθέντας.
