3004 4886
281 327 323 382 De
340 329 478 384 notionum
496 327 644 394 πολιτικός
662 334 689 381 et
707 328 844 401 σοφιστὴς
861 346 913 384 usu
930 329 1073 384 rhetorico.
1197 327 1259 384 243

90 512 249 577 κανικοῖς
269 501 325 566 καὶ
348 511 419 576 τοῖς
441 495 808 588 ὑπερσοφιστεύοοσιν).
849 501 931 568 Tum
946 521 1023 568 vero
1039 502 1073 568 id
1089 501 1260 585 significat,

92 603 209 686 quod
232 603 452 686 sophistae
474 605 679 688 proprium
703 611 778 688 est,
802 610 836 669 ut
858 604 944 670 idem
967 623 1071 687 paene
1094 606 1149 684 sit,
1173 603 1261 686 quod

92 702 340 784 ἐπιδεικτικόν,
364 707 454 771 velut
472 707 695 772 continuantur
708 707 810 772 verba
831 705 926 771 modo
949 707 1081 772 laudata
1103 707 1196 787 (119,
1215 708 1260 775 ll:

92 805 134 872 τδ
154 806 218 889 μὲν
241 804 304 890 γὰρ
328 805 498 872 δικανικὸν
521 809 750 892 σοφιστικγ
774 806 987 892 περιβολῇ
1009 805 1199 892 ἐκόσμησεν,
1222 802 1260 869 τὸ

1 993 2 998 ¹
95 909 135 973 δὲ
162 907 362 996 σοφιστικὸν
385 913 507 994 κέντρῳ
531 909 688 993 δικανικιγῖ
711 908 908 993 ἐπέρρωσεν.
952 911 1054 976 Huius
1070 911 1197 994 generis
1214 915 1262 976 est

94 1015 225 1082 locutio
254 1014 528 1096 frequentissima:
561 1007 581 1099 ἡ
612 1010 843 1099 σοφιστικὴ
879 1009 1076 1099 ῥητορική
1110 1013 1161 1088 (cl.
1193 1011 1260 1076 init.

94 1116 200 1196 libri),
225 1135 283 1198 pro
300 1133 364 1198 qua
380 1115 497 1196 legitur
512 1115 631 1181 omisso
655 1115 856 1180 substantivo
880 1108 1011 1200 etiamr}
1031 1109 1261 1198 σοφιστική

97 1219 155 1296 (cl.
178 1216 310 1300 prael.);
334 1213 452 1298 λόγοι
476 1220 726 1300 σοφιστικοὶ
749 1251 789 1260 -
812 1236 908 1298 quam
931 1217 1125 1281 locutionem
1148 1222 1184 1280 ut
1205 1214 1260 1279 do-

96 1320 320 1386 sidcraremus
343 1318 430 1401 apud
445 1317 681 1402 Philodamum,
705 1319 794 1384 cuius
810 1320 843 1382 in
867 1317 916 1384 his
939 1319 1057 1400 ubique
1080 1316 1261 1382 recorderis

98 1441 243 1506 quaeso,
273 1440 350 1486 casu
372 1422 491 1486 factum
514 1427 563 1486 est
584 1455 625 1464 —
649 1422 778 1504 saepius
801 1428 1103 1486 commemorantur:
1134 1419 1149 1484 Ι
1175 1423 1261 1501 15,4

100 1523 197 1608 λόγοι
213 1515 245 1585 δ’
266 1513 369 1586 αὐτοῦ
392 1520 553 1586 δικανικοὶ
577 1521 637 1602 μὲν
660 1521 798 1596 πλείοις
821 1557 862 1568 -
885 1521 1136 1608 σοφιστικοὶ
1155 1519 1261 1584 δὲκαὶ

100 1625 212 1709 ἕτεροι
227 1627 297 1705 μέν,
321 1621 602 1708 σοφιστικώτερος
619 1623 654 1687 δὲ
669 1617 686 1688 ὁ
703 1617 788 1706 ὑπὲρ
805 1625 863 1709 τῆς
879 1617 1047 1704 ὁμονοίας,
1071 1625 1148 1689 item
1162 1623 1195 1688 II
1210 1625 1261 1704 23,

1 1783 2 1798 2
101 1735 120 1795 3
134 1733 207 1791 ml
224 1748 303 1813 σοφ.
322 1735 354 1792 et
370 1725 430 1790 δικ.
447 1723 540 1809 λόγοι
557 1727 788 1808 disiunguntur,
808 1727 840 1790 Il
858 1729 907 1808 12,
922 1730 941 1787 2
957 1721 1036 1799 τοὺς
1052 1723 1087 1788 δὲ
1104 1746 1262 1809 σοφιστι-

100 1827 182 1906 κοδς
196 1831 264 1893 τιῦν
280 1827 385 1912 λόγων
401 1828 505 1914 τόλμῃ
521 1828 647 1910 μᾶλλον
662 1816 683 1914 ἢ
698 1831 792 1912 τέχνῃ
810 1826 1002 1909 ξονέβαλλεν
1024 1828 1262 1910 (disiunguntur

102 1933 137 1998 οἱ
154 1931 296 2017 κριτικοὶ
313 1928 417 2014 λόγοι,
441 1933 556 1996 iterum
579 1931 702 1996 laudati
718 1931 748 1994 ll
764 1933 814 2012 33,
834 1933 874 2004 1).
913 1930 984 1994 Huc
1006 1931 1146 2012 pertinet
1163 1929 1260 1995 etiam

101 2038 196 2101 locus
218 2035 279 2116 17,
298 2039 328 2098 1:
352 2027 466 2096 δντόσα
482 2024 539 2112 οὐχ
554 2026 640 2114 ὑπὲρ
662 2029 814 2114 μεγάλων
836 2027 1064 2094 ἓσττούδασται
1079 2031 1127 2114 τῷ
1142 2033 1261 2108 Δίωνι,

102 2134 149 2220 μὴ
173 2133 274 2220 μικροὶ
297 2129 470 2218 ἡγώμεθα,
495 2127 580 2197 ἀλλὰ
604 2131 784 2219 σοφιστικά
809 2134 984 2217 (sophistae
1008 2134 1261 2209 convenientia)’

104 2240 271 2324 σοφιστοῦ
293 2234 356 2321 γὰρ
378 2234 415 2300 τὸ
440 2238 497 2302 καὶ
518 2230 603 2318 talo
627 2234 787 2300 τοιούτων
811 2233 1023 2314 σπουδάζειν.
1068 2237 1262 2301 Neutrum

1 2385 2 2420 ,
103 2344 206 2427 plur.
231 2341 344 2406 eodem
362 2360 457 2406 sensu
477 2346 582 2406 exstat
597 2341 628 2404 ΙΙ
644 2343 694 2420 25,
714 2345 745 2404 1:
766 2333 937 2424 Ῥοοφλνοο
961 2331 1107 2422 ἀκηκοώς
1123 2333 1171 2399 τὰ
1188 2355 1261 2399 σο·

107 2439 285 2528 φιστικὰ
307 2441 498 2522 τολμῶντος
519 2441 646 2522 μᾶλλον
668 2429 689 2528 ἢ
711 2445 958 2524 κατορθοῦντος
980 2449 1011 2506 et
1033 2441 1065 2504 II
1084 2442 1135 2522 26,
1154 2445 1185 2504 l:
1209 2436 1261 2502 ἐλ-

106 2541 328 2628 λογιμανιερσς
353 2538 570 2628 Ἡρακλείδης
590 2541 632 2606 τὰ
657 2539 836 2628 σοφιστικὰ
866 2550 920 2619 (=
934 2539 976 2606 τὰ
999 2543 1065 2605 τῶν
1088 2541 1261 2626 σοφιστῶν

106 2649 138 2712 ΙΙ
154 2652 204 2730 27,
221 2649 262 2724 6).
279 2683 321 2693 --
336 2648 419 2712 Tum
436 2649 533 2712 variis
551 2647 741 2712 differentiis
756 2648 884 2727 magis
899 2648 938 2710 in
954 2647 1189 2710 universum
1204 2643 1260 2708 ad-

107 2751 259 2816 iectivum
282 2744 478 2834 nuperrimis
500 2749 587 2832 apud
606 2749 833 2813 Philostratum
856 2746 1015 2829 significat
1037 2746 1261 2828 quodcumque

108 2854 170 2917 tale
194 2859 258 2933 est,
286 2854 381 2934 quale
405 2853 437 2916 in
460 2851 640 2934 epidicticis
663 2851 859 2916 orationibus
883 2867 953 2914 esse
976 2849 1074 2929 solet,
1096 2855 1193 2930 atque
1215 2848 1263 2912 ita

109 2953 237 3036 quidem
253 2955 426 3020 secundum
440 2974 488 3036 oa,
504 2973 586 3036 quae
598 2974 696 3036 supra
710 2957 753 3036 (p.
765 2955 839 3029 241)
856 2953 1073 3035 exposuimus,
1089 2957 1123 3015 ut
1134 2969 1262 3032 sempor

111 3065 293 3136 ornatus,
310 3056 546 3121 dulcedinis
562 3056 782 3138 orationis,
801 3055 943 3135 faceti,
960 3055 1099 3136 arguti,
1117 3053 1259 3134 magni-

110 3160 216 3241 loqui
238 3159 395 3242 imprimis
419 3158 627 3224 subaudiatur
647 3159 743 3223 notio.
785 3157 888 3222 Huius
905 3158 1031 3240 generis
1047 3161 1120 3222 sunt
1134 3153 1169 3219 hi
1182 3155 1261 3220 loci:

110 3261 207 3344 lua
232 3258 518 3346 σοφιστικιόταται
542 3257 702 3334 εἰκόνες
724 3261 892 3340 (imagines
915 3257 1106 3340 splendidae
1122 3277 1185 3324 seu
1207 3277 1260 3322 ve·
1289 3335 1292 3338 Ι

111 3370 222 3430 unctae
238 3364 271 3428 in
286 3363 400 3429 Dionis
417 3364 596 3429 elocutione
612 3361 799 3443 adhibitae),
821 3361 836 3424 l
856 3365 933 3444 19,1
953 3355 1131 3446 σοφιστικὴ
1148 3381 1262 3441 κτερι-

109 3461 224 3548 pola,
246 3464 278 3530 11
301 3470 367 3546 5,3
391 3463 553 3529 ἔννοιαι
576 3467 785 3548 σοφιστικαί,
809 3462 939 3543 1110,1
966 3458 1082 3541 ἰσχὺς
1105 3481 1261 3544 σοφιστι-

111 3563 256 3652 κωτάτη,
286 3566 317 3629 ll
339 3570 403 3650 4,2
424 3575 456 3632 et
478 3570 564 3648 23‚4
586 3563 646 3650 τὴν
670 3563 733 3628 ἰδέ
742 3589 788 3627 αν
809 3565 868 3627 τοῦ
892 3562 990 3648 λόγον
1014 3562 1180 3648 δικανικῆς
1200 3559 1263 3642 μὲν

110 3665 401 3754 σοφιστικώτερος,
418 3669 615 3752 σοφιστικῆς
632 3666 667 3731 δὲ
680 3667 931 3750 δικανικιότερος
948 3665 1073 3742 (vidula
1090 3665 1262 3748 epidictico

109 3773 219 3854 generi
240 3772 550 3847 accommodationl)
575 3806 613 3814 -
637 3769 815 3853 Singularis
838 3769 970 3852 quidam
993 3766 1160 3833 ethorum
1183 3772 1260 3832 tem-

197 3924 222 3986 1)
240 3920 393 3976 Admodum
411 3921 496 3974 miror
511 3921 553 3974 vel
572 3920 726 3988 Bernhardy
744 3919 828 3973 virum
845 3919 1011 3986 ingeniosum
1029 3917 1158 3982 (Grundr.
1177 3917 1204 3972 d.
1222 3933 1262 3986 gr.

1 4019 2 4036 ¹
112 4004 176 4058 Litt.
189 4005 202 4057 I
213 4021 240 4074 p.
253 4008 313 4071 aaa,
327 4010 352 4072 3)
364 4011 509 4074 tantopere
520 4005 641 4073 potuisse
654 4019 754 4068 errare,
772 4007 803 4058 ut
815 4004 929 4058 diceret:
951 4003 1024 4066 „Das
1036 4002 1162 4057 Resultut
1174 4001 1264 4056 dieser

111 4087 247 4158 ιἰιιγιλλίιλ
265 4106 449 4154 messenen,
467 4105 521 4143 nur
538 4090 596 4160 auf
608 4087 764 4144 stilisllschc
781 4086 871 4142 [suast
887 4086 1054 4158 γιήιλλιλια
1072 4086 1187 4143 Studien
1205 4103 1264 4141 ινιτ

1059 4171 1108 4226 16*
