<?xml version="1.0" encoding="UTF-8"?>
<!DOCTYPE html PUBLIC "-//W3C//DTD XHTML 1.0 Transitional//EN"
    "http://www.w3.org/TR/xhtml1/DTD/xhtml1-transitional.dtd">
<html xmlns="http://www.w3.org/1999/xhtml" xml:lang="en" lang="en">
 <head>
  <title>
</title>
<meta http-equiv="Content-Type" content="text/html;charset=utf-8" />
  <meta name='ocr-system' content='tesseract 3.04.00' />
  <meta name='ocr-capabilities' content='ocr_page ocr_carea ocr_par ocr_line ocrx_word'/>
</head>
<body>
  <div class='ocr_page' id='page_1' title='image "./denotionumpolit00brangoog_0066.png"; bbox 0 0 2990 4886; ppageno 0'>
   <div class='ocr_carea' id='block_1_1' title="bbox 273 310 1256 387">
    <p class='ocr_par' dir='ltr' id='par_1_1' title="bbox 273 310 1256 387">
     <span class='ocr_line' id='line_1_1' title="bbox 273 310 1256 387; baseline 0.005 -17"><span class='ocrx_word' id='word_1_1' title='bbox 273 315 315 372; x_wconf 90' lang='lat' dir='ltr'><strong>De</strong></span> <span class='ocrx_word' id='word_1_2' title='bbox 331 315 474 371; x_wconf 89' lang='lat' dir='ltr'><strong>notionum</strong></span> <span class='ocrx_word' id='word_1_3' title='bbox 492 310 639 382; x_wconf 82' lang='grc' dir='ltr'><strong><em>πολιτικὸς</em></strong></span> <span class='ocrx_word' id='word_1_4' title='bbox 657 321 685 371; x_wconf 86' lang='lat' dir='ltr'><strong>et</strong></span> <span class='ocrx_word' id='word_1_5' title='bbox 702 312 841 387; x_wconf 82' lang='grc' dir='ltr'><strong><em>σοφιστὴς</em></strong></span> <span class='ocrx_word' id='word_1_6' title='bbox 858 332 910 371; x_wconf 84' lang='lat' dir='ltr'><strong>usn</strong></span> <span class='ocrx_word' id='word_1_7' title='bbox 927 317 1073 373; x_wconf 89' lang='lat' dir='ltr'><strong>rhetorico.</strong></span> <span class='ocrx_word' id='word_1_8' title='bbox 1197 317 1256 375; x_wconf 85' lang='grc'><strong>187</strong></span> 
     </span>
    </p>
   </div>
   <div class='ocr_carea' id='block_1_2' title="bbox 104 485 1260 2109">
    <p class='ocr_par' dir='ltr' id='par_1_2' title="bbox 104 485 1260 2109">
     <span class='ocr_line' id='line_1_2' title="bbox 105 485 1257 572; baseline 0.005 -22"><span class='ocrx_word' id='word_1_9' title='bbox 105 488 162 552; x_wconf 83' lang='lat' dir='ltr'><strong>dus</strong></span> <span class='ocrx_word' id='word_1_10' title='bbox 175 509 277 572; x_wconf 78' lang='lat' dir='ltr'><strong>ponzo</strong></span> <span class='ocrx_word' id='word_1_11' title='bbox 295 486 404 552; x_wconf 84' lang='lat' dir='ltr'><strong>Gcbict</strong></span> <span class='ocrx_word' id='word_1_12' title='bbox 427 487 508 550; x_wconf 80' lang='lat' dir='ltr'><strong>oller</strong></span> <span class='ocrx_word' id='word_1_13' title='bbox 523 485 802 571; x_wconf 79' lang='lat' dir='ltr'><strong>Dorstelluopoort</strong></span> <span class='ocrx_word' id='word_1_14' title='bbox 823 487 998 552; x_wconf 72' lang='lat' dir='ltr'><strong>und&#39;ilrrcr</strong></span> <span class='ocrx_word' id='word_1_15' title='bbox 1017 488 1047 550; x_wconf 87' lang='grc' dir='ltr'><em>Τ</em></span> <span class='ocrx_word' id='word_1_16' title='bbox 1042 488 1124 552; x_wconf 77' lang='lat' dir='ltr'><strong>heile</strong></span> <span class='ocrx_word' id='word_1_17' title='bbox 1132 495 1155 554; x_wconf 74' lang='lat'><strong>⁰.</strong></span> <span class='ocrx_word' id='word_1_18' title='bbox 1194 489 1257 568; x_wconf 80' lang='lat' dir='ltr'><strong>Qui</strong></span> 
     </span>
     <span class='ocr_line' id='line_1_3' title="bbox 104 589 1257 676; baseline 0 -18"><span class='ocrx_word' id='word_1_19' title='bbox 104 591 169 676; x_wconf 82' lang='lat' dir='ltr'><strong>fiai,</strong></span> <span class='ocrx_word' id='word_1_20' title='bbox 192 598 306 658; x_wconf 87' lang='lat' dir='ltr'><strong>uttam</strong></span> <span class='ocrx_word' id='word_1_21' title='bbox 321 593 461 676; x_wconf 80' lang='lat' dir='ltr'><strong>amplam</strong></span> <span class='ocrx_word' id='word_1_22' title='bbox 484 591 549 656; x_wconf 91' lang='lat' dir='ltr'><strong>vim</strong></span> <span class='ocrx_word' id='word_1_23' title='bbox 571 593 659 658; x_wconf 84' lang='lat' dir='ltr'><strong>notio</strong></span> <span class='ocrx_word' id='word_1_24' title='bbox 683 591 858 657; x_wconf 78' lang='grc' dir='ltr'><strong><em>πολιτικοῦ</em></strong></span> <span class='ocrx_word' id='word_1_25' title='bbox 881 589 979 675; x_wconf 82' lang='grc' dir='ltr'><em>λόγου</em></span> <span class='ocrx_word' id='word_1_26' title='bbox 1003 593 1064 658; x_wconf 86' lang='lat' dir='ltr'><strong>sibi</strong></span> <span class='ocrx_word' id='word_1_27' title='bbox 1086 593 1257 675; x_wconf 75' lang='lat' dir='ltr'><strong>adsciscat,</strong></span> 
     </span>
     <span class='ocr_line' id='line_1_4' title="bbox 106 694 1256 780; baseline -0.002 -18"><span class='ocrx_word' id='word_1_28' title='bbox 106 697 133 762; x_wconf 94' lang='lat' dir='ltr'><strong>si</strong></span> <span class='ocrx_word' id='word_1_29' title='bbox 156 695 319 780; x_wconf 88' lang='lat' dir='ltr'><strong>explicare</strong></span> <span class='ocrx_word' id='word_1_30' title='bbox 342 694 521 776; x_wconf 80' lang='lat' dir='ltr'>studemus,</span> <span class='ocrx_word' id='word_1_31' title='bbox 551 695 606 760; x_wconf 92' lang='lat' dir='ltr'><strong>via</strong></span> <span class='ocrx_word' id='word_1_32' title='bbox 628 695 804 762; x_wconf 92' lang='lat' dir='ltr'><strong>incedimus</strong></span> <span class='ocrx_word' id='word_1_33' title='bbox 827 695 1001 760; x_wconf 87' lang='lat' dir='ltr'><strong>admodum</strong></span> <span class='ocrx_word' id='word_1_34' title='bbox 1024 695 1161 761; x_wconf 88' lang='lat' dir='ltr'><strong>lubrica:</strong></span> <span class='ocrx_word' id='word_1_35' title='bbox 1193 714 1256 760; x_wconf 95' lang='lat' dir='ltr'><strong>non</strong></span> 
     </span>
     <span class='ocr_line' id='line_1_5' title="bbox 105 796 1257 880; baseline 0.001 -17"><span class='ocrx_word' id='word_1_36' title='bbox 105 799 174 864; x_wconf 89' lang='lat' dir='ltr'><strong>sine</strong></span> <span class='ocrx_word' id='word_1_37' title='bbox 202 797 338 862; x_wconf 79' lang='lat' dir='ltr'>libidine</span> <span class='ocrx_word' id='word_1_38' title='bbox 366 797 508 880; x_wconf 86' lang='lat' dir='ltr'><strong>proiecto</strong></span> <span class='ocrx_word' id='word_1_39' title='bbox 535 797 582 862; x_wconf 89' lang='lat' dir='ltr'><strong>rei</strong></span> <span class='ocrx_word' id='word_1_40' title='bbox 604 818 624 862; x_wconf 91' lang='lat' dir='ltr'><strong>a</strong></span> <span class='ocrx_word' id='word_1_41' title='bbox 646 817 682 863; x_wconf 91' lang='lat' dir='ltr'><strong>se</strong></span> <span class='ocrx_word' id='word_1_42' title='bbox 704 797 841 880; x_wconf 91' lang='lat' dir='ltr'><strong>primum</strong></span> <span class='ocrx_word' id='word_1_43' title='bbox 872 803 1026 864; x_wconf 79' lang='lat' dir='ltr'><strong>tractatae</strong></span> <span class='ocrx_word' id='word_1_44' title='bbox 1055 804 1166 864; x_wconf 86' lang='lat' dir='ltr'><strong>auctor</strong></span> <span class='ocrx_word' id='word_1_45' title='bbox 1196 796 1257 864; x_wconf 93' lang='lat' dir='ltr'><strong>hoc</strong></span> 
     </span>
     <span class='ocr_line' id='line_1_6' title="bbox 104 898 1258 984; baseline 0 -20"><span class='ocrx_word' id='word_1_46' title='bbox 104 919 220 966; x_wconf 91' lang='lat' dir='ltr'><strong>nomen</strong></span> <span class='ocrx_word' id='word_1_47' title='bbox 243 899 376 977; x_wconf 86' lang='lat' dir='ltr'><strong>indidit,</strong></span> <span class='ocrx_word' id='word_1_48' title='bbox 406 898 508 982; x_wconf 92' lang='lat' dir='ltr'><strong>qnod,</strong></span> <span class='ocrx_word' id='word_1_49' title='bbox 532 904 685 981; x_wconf 88' lang='lat' dir='ltr'><strong>quantum</strong></span> <span class='ocrx_word' id='word_1_50' title='bbox 707 899 821 983; x_wconf 90' lang='lat' dir='ltr'><strong>video,</strong></span> <span class='ocrx_word' id='word_1_51' title='bbox 847 920 867 965; x_wconf 94' lang='lat' dir='ltr'><strong>a</strong></span> <span class='ocrx_word' id='word_1_52' title='bbox 888 900 1043 983; x_wconf 87' lang='lat' dir='ltr'><strong>primaria</strong></span> <span class='ocrx_word' id='word_1_53' title='bbox 1064 898 1138 984; x_wconf 91' lang='lat' dir='ltr'><strong>ilia,</strong></span> <span class='ocrx_word' id='word_1_54' title='bbox 1162 919 1258 983; x_wconf 90' lang='lat' dir='ltr'><strong>qnam</strong></span> 
     </span>
     <span class='ocr_line' id='line_1_7' title="bbox 106 1001 1258 1086; baseline 0.001 -20"><span class='ocrx_word' id='word_1_55' title='bbox 106 1003 296 1084; x_wconf 80' lang='lat' dir='ltr'><strong>invenimus,</strong></span> <span class='ocrx_word' id='word_1_56' title='bbox 312 1003 442 1068; x_wconf 91' lang='lat' dir='ltr'><strong>notione</strong></span> <span class='ocrx_word' id='word_1_57' title='bbox 457 1021 521 1068; x_wconf 94' lang='lat' dir='ltr'><strong>non</strong></span> <span class='ocrx_word' id='word_1_58' title='bbox 536 1020 705 1086; x_wconf 89' lang='lat' dir='ltr'><strong>possumus</strong></span> <span class='ocrx_word' id='word_1_59' title='bbox 721 1021 783 1068; x_wconf 95' lang='lat' dir='ltr'><strong>non</strong></span> <span class='ocrx_word' id='word_1_60' title='bbox 799 1008 954 1086; x_wconf 89' lang='lat' dir='ltr'><strong>repetere.</strong></span> <span class='ocrx_word' id='word_1_61' title='bbox 995 1001 1134 1068; x_wconf 79' lang='lat' dir='ltr'><strong>Verbum</strong></span> <span class='ocrx_word' id='word_1_62' title='bbox 1151 1008 1258 1067; x_wconf 89' lang='lat' dir='ltr'><strong>autem</strong></span> 
     </span>
     <span class='ocr_line' id='line_1_8' title="bbox 107 1103 1258 1189; baseline -0.002 -19"><span class='ocrx_word' id='word_1_63' title='bbox 107 1123 212 1189; x_wconf 90' lang='lat' dir='ltr'><strong>neque</strong></span> <span class='ocrx_word' id='word_1_64' title='bbox 226 1105 361 1170; x_wconf 83' lang='lat' dir='ltr'><strong>Latinae</strong></span> <span class='ocrx_word' id='word_1_65' title='bbox 383 1123 488 1188; x_wconf 91' lang='lat' dir='ltr'><strong>neque</strong></span> <span class='ocrx_word' id='word_1_66' title='bbox 503 1104 697 1170; x_wconf 84' lang='lat' dir='ltr'><strong>vernaculae</strong></span> <span class='ocrx_word' id='word_1_67' title='bbox 712 1104 844 1188; x_wconf 84' lang='lat' dir='ltr'><strong>linguae</strong></span> <span class='ocrx_word' id='word_1_68' title='bbox 859 1103 939 1169; x_wconf 91' lang='lat' dir='ltr'><strong>mihi</strong></span> <span class='ocrx_word' id='word_1_69' title='bbox 955 1105 1088 1186; x_wconf 84' lang='lat' dir='ltr'><strong>contigit</strong></span> <span class='ocrx_word' id='word_1_70' title='bbox 1103 1105 1258 1185; x_wconf 90' lang='lat' dir='ltr'><strong>invenire,</strong></span> 
     </span>
     <span class='ocr_line' id='line_1_9' title="bbox 107 1202 1259 1292; baseline -0.003 -18"><span class='ocrx_word' id='word_1_71' title='bbox 107 1207 192 1292; x_wconf 90' lang='lat' dir='ltr'><strong>quod</strong></span> <span class='ocrx_word' id='word_1_72' title='bbox 205 1207 278 1274; x_wconf 88' lang='lat' dir='ltr'><strong>voci</strong></span> <span class='ocrx_word' id='word_1_73' title='bbox 289 1202 463 1282; x_wconf 83' lang='grc' dir='ltr'><strong><em>πολιτικὸς</em></strong></span> <span class='ocrx_word' id='word_1_74' title='bbox 474 1207 520 1272; x_wconf 85' lang='lat' dir='ltr'><strong>ita</strong></span> <span class='ocrx_word' id='word_1_75' title='bbox 535 1205 702 1272; x_wconf 85' lang='lat' dir='ltr'><strong>adhibitae</strong></span> <span class='ocrx_word' id='word_1_76' title='bbox 717 1225 847 1289; x_wconf 90' lang='lat' dir='ltr'><strong>prorsus</strong></span> <span class='ocrx_word' id='word_1_77' title='bbox 863 1205 1057 1289; x_wconf 88' lang='lat' dir='ltr'><strong>respondeat</strong></span> <span class='ocrx_word' id='word_1_78' title='bbox 1064 1208 1093 1282; x_wconf 87' lang='lat'><strong>¹).</strong></span> <span class='ocrx_word' id='word_1_79' title='bbox 1125 1206 1259 1270; x_wconf 89' lang='lat' dir='ltr'><strong>Banm·</strong></span> 
     </span>
     <span class='ocr_line' id='line_1_10' title="bbox 106 1299 1260 1395; baseline -0.003 -19"><span class='ocrx_word' id='word_1_80' title='bbox 106 1311 224 1395; x_wconf 87' lang='lat' dir='ltr'><strong>gartii</strong></span> <span class='ocrx_word' id='word_1_81' title='bbox 239 1310 421 1375; x_wconf 85' lang='lat' dir='ltr'><strong>versionem</strong></span> <span class='ocrx_word' id='word_1_82' title='bbox 434 1303 467 1392; x_wconf 86' lang='lat' dir='ltr'><strong>‘p</strong></span> <span class='ocrx_word' id='word_1_83' title='bbox 477 1308 674 1375; x_wconf 91' lang='lat' dir='ltr'><strong>olitische</strong></span> <span class='ocrx_word' id='word_1_84' title='bbox 688 1299 803 1375; x_wconf 85' lang='lat' dir='ltr'><strong>Rede&#39;</strong></span> <span class='ocrx_word' id='word_1_85' title='bbox 830 1309 959 1375; x_wconf 91' lang='lat' dir='ltr'><strong>omnino</strong></span> <span class='ocrx_word' id='word_1_86' title='bbox 975 1309 1068 1376; x_wconf 89' lang='lat' dir='ltr'><strong>nobis</strong></span> <span class='ocrx_word' id='word_1_87' title='bbox 1083 1308 1260 1392; x_wconf 87' lang='lat' dir='ltr'><strong>improbari</strong></span> 
     </span>
     <span class='ocr_line' id='line_1_11' title="bbox 106 1411 1259 1497; baseline -0.003 -17"><span class='ocrx_word' id='word_1_88' title='bbox 106 1433 203 1497; x_wconf 88' lang='lat' dir='ltr'><strong>supra</strong></span> <span class='ocrx_word' id='word_1_89' title='bbox 217 1412 354 1496; x_wconf 79' lang='lat' dir='ltr'><strong>professi</strong></span> <span class='ocrx_word' id='word_1_90' title='bbox 370 1430 479 1478; x_wconf 89' lang='lat' dir='ltr'><strong>sumus</strong></span> <span class='ocrx_word' id='word_1_91' title='bbox 500 1431 531 1494; x_wconf 94' lang='lat' dir='ltr'><strong>p.</strong></span> <span class='ocrx_word' id='word_1_92' title='bbox 551 1413 627 1494; x_wconf 80' lang='lat'>1803</span> <span class='ocrx_word' id='word_1_93' title='bbox 650 1417 747 1494; x_wconf 90' lang='lat' dir='ltr'><strong>atquc</strong></span> <span class='ocrx_word' id='word_1_94' title='bbox 762 1412 833 1496; x_wconf 90' lang='lat' dir='ltr'><strong>ipse</strong></span> <span class='ocrx_word' id='word_1_95' title='bbox 847 1411 1084 1494; x_wconf 85' lang='lat' dir='ltr'><strong>Baumgartins,</strong></span> <span class='ocrx_word' id='word_1_96' title='bbox 1108 1417 1259 1494; x_wconf 90' lang='lat' dir='ltr'><strong>quantum</strong></span> 
     </span>
     <span class='ocr_line' id='line_1_12' title="bbox 106 1512 1259 1599; baseline -0.004 -18"><span class='ocrx_word' id='word_1_97' title='bbox 106 1521 221 1599; x_wconf 86' lang='lat' dir='ltr'><strong>potest,</strong></span> <span class='ocrx_word' id='word_1_98' title='bbox 244 1513 327 1580; x_wconf 91' lang='lat' dir='ltr'><strong>hanc</strong></span> <span class='ocrx_word' id='word_1_99' title='bbox 342 1513 523 1579; x_wconf 90' lang='lat' dir='ltr'><strong>versionem</strong></span> <span class='ocrx_word' id='word_1_100' title='bbox 546 1513 655 1578; x_wconf 90' lang='lat' dir='ltr'><strong>evitat.</strong></span> <span class='ocrx_word' id='word_1_101' title='bbox 692 1513 970 1580; x_wconf 87' lang='lat' dir='ltr'><strong>Volkmannus</strong></span> <span class='ocrx_word' id='word_1_102' title='bbox 992 1512 1111 1588; x_wconf 64' lang='lat' dir='ltr'><strong>raher?</strong></span> <span class='ocrx_word' id='word_1_103' title='bbox 1126 1534 1157 1597; x_wconf 91' lang='lat' dir='ltr'><strong>p.</strong></span> <span class='ocrx_word' id='word_1_104' title='bbox 1175 1515 1259 1595; x_wconf 83' lang='grc'><strong>565),</strong></span> 
     </span>
     <span class='ocr_line' id='line_1_13' title="bbox 107 1614 1259 1700; baseline -0.002 -17"><span class='ocrx_word' id='word_1_105' title='bbox 107 1624 278 1700; x_wconf 86' lang='lat' dir='ltr'><strong>postquam</strong></span> <span class='ocrx_word' id='word_1_106' title='bbox 293 1615 335 1682; x_wconf 92' lang='lat' dir='ltr'><strong>de</strong></span> <span class='ocrx_word' id='word_1_107' title='bbox 350 1614 558 1698; x_wconf 89' lang='lat' dir='ltr'><strong>qualitatibus</strong></span> <span class='ocrx_word' id='word_1_108' title='bbox 572 1615 770 1699; x_wconf 86' lang='lat' dir='ltr'><strong>Hermogeni</strong></span> <span class='ocrx_word' id='word_1_109' title='bbox 784 1617 928 1683; x_wconf 89' lang='lat' dir='ltr'><strong>tractatis</strong></span> <span class='ocrx_word' id='word_1_110' title='bbox 943 1617 1085 1683; x_wconf 89' lang='lat' dir='ltr'><strong>breviter</strong></span> <span class='ocrx_word' id='word_1_111' title='bbox 1100 1617 1259 1700; x_wconf 85' lang='lat' dir='ltr'><strong>exposuit,</strong></span> 
     </span>
     <span class='ocr_line' id='line_1_14' title="bbox 107 1711 1258 1800; baseline -0.003 -17"><span class='ocrx_word' id='word_1_112' title='bbox 107 1719 187 1786; x_wconf 89' lang='lat' dir='ltr'><strong>haec</strong></span> <span class='ocrx_word' id='word_1_113' title='bbox 203 1718 296 1785; x_wconf 90' lang='lat' dir='ltr'><strong>dicit:</strong></span> <span class='ocrx_word' id='word_1_114' title='bbox 312 1711 391 1780; x_wconf 79' lang='lat' dir='ltr'><strong>‘Dic</strong></span> <span class='ocrx_word' id='word_1_115' title='bbox 405 1715 580 1779; x_wconf 74' lang='lat' dir='ltr'><strong>baastocllo</strong></span> <span class='ocrx_word' id='word_1_116' title='bbox 601 1716 820 1800; x_wconf 78' lang='lat' dir='ltr'><strong>Vermischunp</strong></span> <span class='ocrx_word' id='word_1_117' title='bbox 834 1717 1046 1782; x_wconf 77' lang='lat' dir='ltr'><strong>edmmtliolrer</strong></span> <span class='ocrx_word' id='word_1_118' title='bbox 1061 1717 1157 1780; x_wconf 86' lang='lat' dir='ltr'><strong>Idccn</strong></span> <span class='ocrx_word' id='word_1_119' title='bbox 1173 1718 1258 1791; x_wconf 82' lang='lat' dir='ltr'><strong>uber,</strong></span> 
     </span>
     <span class='ocr_line' id='line_1_15' title="bbox 106 1817 1258 1906; baseline 0.001 -23"><span class='ocrx_word' id='word_1_120' title='bbox 106 1821 156 1884; x_wconf 86' lang='lat' dir='ltr'><strong>dic</strong></span> <span class='ocrx_word' id='word_1_121' title='bbox 172 1818 362 1906; x_wconf 77' lang='grc' dir='ltr'><strong><em>δεινότης</em></strong></span> <span class='ocrx_word' id='word_1_122' title='bbox 377 1820 432 1882; x_wconf 83' lang='lat' dir='ltr'><strong>mit</strong></span> <span class='ocrx_word' id='word_1_123' title='bbox 448 1818 705 1901; x_wconf 79' lang='lat' dir='ltr'><strong>cinpcrcblossca,</strong></span> <span class='ocrx_word' id='word_1_124' title='bbox 726 1819 810 1902; x_wconf 77' lang='lat' dir='ltr'><strong>picit</strong></span> <span class='ocrx_word' id='word_1_125' title='bbox 823 1819 882 1882; x_wconf 81' lang='lat' dir='ltr'><strong>den</strong></span> <span class='ocrx_word' id='word_1_126' title='bbox 899 1818 1021 1906; x_wconf 75' lang='grc' dir='ltr'><strong><em>λόγος</em></strong></span> <span class='ocrx_word' id='word_1_127' title='bbox 1037 1817 1258 1898; x_wconf 87' lang='grc' dir='ltr'><strong><em>πολιτικός,</em></strong></span> 
     </span>
     <span class='ocr_line' id='line_1_16' title="bbox 106 1920 1258 2005; baseline 0.004 -20"><span class='ocrx_word' id='word_1_128' title='bbox 106 1923 178 1997; x_wconf 84' lang='lat' dir='ltr'><strong>„dic</strong></span> <span class='ocrx_word' id='word_1_129' title='bbox 200 1921 406 1985; x_wconf 80' lang='lat' dir='ltr'><strong>oolllrommca</strong></span> <span class='ocrx_word' id='word_1_130' title='bbox 436 1920 661 2004; x_wconf 75' lang='lat' dir='ltr'><strong>bunstmdssipe</strong></span> <span class='ocrx_word' id='word_1_131' title='bbox 683 1920 920 2005; x_wconf 79' lang='lat' dir='ltr'><strong>Duretellunp⁴‘,</strong></span> <span class='ocrx_word' id='word_1_132' title='bbox 950 1925 1008 1986; x_wconf 84' lang='lat' dir='ltr'><strong>wic</strong></span> <span class='ocrx_word' id='word_1_133' title='bbox 1031 1925 1089 1986; x_wconf 82' lang='lat' dir='ltr'><strong>wir</strong></span> <span class='ocrx_word' id='word_1_134' title='bbox 1110 1923 1163 1986; x_wconf 85' lang='grc' dir='ltr'><strong><em>ιἸικ</em></strong></span> <span class='ocrx_word' id='word_1_135' title='bbox 1185 1925 1258 2002; x_wconf 87' lang='lat' dir='ltr'><strong>(sic)</strong></span> 
     </span>
     <span class='ocr_line' id='line_1_17' title="bbox 107 2021 1259 2109; baseline -0.002 -21"><span class='ocrx_word' id='word_1_136' title='bbox 107 2026 156 2088; x_wconf 82' lang='lat' dir='ltr'><strong>bei</strong></span> <span class='ocrx_word' id='word_1_137' title='bbox 168 2025 230 2088; x_wconf 80' lang='lat' dir='ltr'><strong>dea</strong></span> <span class='ocrx_word' id='word_1_138' title='bbox 251 2023 442 2087; x_wconf 73' lang='grc' dir='ltr'><strong><em>Ιιλοοοίτιλικ</em></strong></span> <span class='ocrx_word' id='word_1_139' title='bbox 457 2023 619 2097; x_wconf 73' lang='grc' dir='ltr'><strong><em>Βοιίκινπ,</em></strong></span> <span class='ocrx_word' id='word_1_140' title='bbox 642 2044 701 2086; x_wconf 81' lang='lat' dir='ltr'><strong>vor</strong></span> <span class='ocrx_word' id='word_1_141' title='bbox 723 2021 805 2086; x_wconf 80' lang='lat' dir='ltr'><strong>allen</strong></span> <span class='ocrx_word' id='word_1_142' title='bbox 820 2023 871 2085; x_wconf 85' lang='lat' dir='ltr'><strong>bei</strong></span> <span class='ocrx_word' id='word_1_143' title='bbox 883 2023 1111 2088; x_wconf 74' lang='lat' dir='ltr'><strong>Demosthenes</strong></span> <span class='ocrx_word' id='word_1_144' title='bbox 1125 2021 1259 2109; x_wconf 77' lang='lat' dir='ltr'><strong>fiudea&#39;.</strong></span> 
     </span>
    </p>
   </div>
   <div class='ocr_carea' id='block_1_3' title="bbox 108 2123 1366 2211">
    <p class='ocr_par' dir='ltr' id='par_1_3' title="bbox 108 2123 1366 2211">
     <span class='ocr_line' id='line_1_18' title="bbox 108 2123 1366 2211; baseline 0 -17"><span class='ocrx_word' id='word_1_145' title='bbox 108 2129 213 2196; x_wconf 82' lang='lat' dir='ltr'><strong>Etiam</strong></span> <span class='ocrx_word' id='word_1_146' title='bbox 230 2127 284 2194; x_wconf 92' lang='lat' dir='ltr'><strong>bic</strong></span> <span class='ocrx_word' id='word_1_147' title='bbox 297 2134 425 2211; x_wconf 89' lang='lat' dir='ltr'><strong>praeter</strong></span> <span class='ocrx_word' id='word_1_148' title='bbox 446 2127 602 2193; x_wconf 89' lang='lat' dir='ltr'><strong>rationem</strong></span> <span class='ocrx_word' id='word_1_149' title='bbox 618 2128 725 2192; x_wconf 89' lang='lat' dir='ltr'><strong>intulit</strong></span> <span class='ocrx_word' id='word_1_150' title='bbox 740 2128 773 2192; x_wconf 93' lang='lat' dir='ltr'><strong>in</strong></span> <span class='ocrx_word' id='word_1_151' title='bbox 788 2123 964 2192; x_wconf 77' lang='grc' dir='ltr'><strong><em>πολιτικὸν</em></strong></span> <span class='ocrx_word' id='word_1_152' title='bbox 979 2125 1076 2209; x_wconf 76' lang='grc' dir='ltr'><strong><em>λόγον</em></strong></span> <span class='ocrx_word' id='word_1_153' title='bbox 1098 2129 1261 2196; x_wconf 91' lang='lat' dir='ltr'><strong>notionem</strong></span> <span class='ocrx_word' id='word_1_154' title='bbox 1365 2203 1366 2207; x_wconf 8' lang='grc' dir='ltr'><strong>Ἰ</strong></span> 
     </span>
    </p>
   </div>
   <div class='ocr_carea' id='block_1_4' title="bbox 107 2229 1261 2315">
    <p class='ocr_par' dir='ltr' id='par_1_4' title="bbox 107 2229 1261 2315">
     <span class='ocr_line' id='line_1_19' title="bbox 107 2229 1261 2315; baseline -0.003 -18"><span class='ocrx_word' id='word_1_155' title='bbox 107 2232 271 2315; x_wconf 86' lang='lat' dir='ltr'><strong>perfectae</strong></span> <span class='ocrx_word' id='word_1_156' title='bbox 293 2237 326 2296; x_wconf 89' lang='lat' dir='ltr'><strong>et</strong></span> <span class='ocrx_word' id='word_1_157' title='bbox 347 2229 514 2296; x_wconf 88' lang='lat' dir='ltr'><strong>absolutae</strong></span> <span class='ocrx_word' id='word_1_158' title='bbox 536 2229 580 2294; x_wconf 89' lang='lat' dir='ltr'><strong>ad</strong></span> <span class='ocrx_word' id='word_1_159' title='bbox 597 2231 674 2296; x_wconf 89' lang='lat' dir='ltr'><strong>artis</strong></span> <span class='ocrx_word' id='word_1_160' title='bbox 696 2230 825 2312; x_wconf 84' lang='lat' dir='ltr'><strong>regulas</strong></span> <span class='ocrx_word' id='word_1_161' title='bbox 848 2231 1061 2311; x_wconf 87' lang='lat' dir='ltr'><strong>eloquentiae.</strong></span> <span class='ocrx_word' id='word_1_162' title='bbox 1106 2231 1154 2296; x_wconf 88' lang='lat' dir='ltr'><strong>Ac</strong></span> <span class='ocrx_word' id='word_1_163' title='bbox 1168 2251 1209 2296; x_wconf 92' lang='lat' dir='ltr'><strong>ne</strong></span> <span class='ocrx_word' id='word_1_164' title='bbox 1227 2232 1261 2295; x_wconf 93' lang='lat' dir='ltr'><strong>in</strong></span> 
     </span>
    </p>
   </div>
   <div class='ocr_carea' id='block_1_5' title="bbox 108 2330 1261 2516">
    <p class='ocr_par' dir='ltr' id='par_1_5' title="bbox 108 2330 1261 2516">
     <span class='ocr_line' id='line_1_20' title="bbox 108 2330 1260 2416; baseline 0 -19"><span class='ocrx_word' id='word_1_165' title='bbox 108 2354 192 2399; x_wconf 92' lang='lat' dir='ltr'><strong>nova</strong></span> <span class='ocrx_word' id='word_1_166' title='bbox 208 2331 339 2416; x_wconf 91' lang='lat' dir='ltr'><strong>quidem</strong></span> <span class='ocrx_word' id='word_1_167' title='bbox 358 2330 536 2398; x_wconf 89' lang='lat' dir='ltr'><strong>rhetoricae</strong></span> <span class='ocrx_word' id='word_1_168' title='bbox 559 2332 749 2398; x_wconf 88' lang='lat' dir='ltr'><strong>tractatione</strong></span> <span class='ocrx_word' id='word_1_169' title='bbox 760 2334 783 2408; x_wconf 85' lang='lat'><strong>²)</strong></span> <span class='ocrx_word' id='word_1_170' title='bbox 806 2332 847 2397; x_wconf 90' lang='lat' dir='ltr'><strong>ab</strong></span> <span class='ocrx_word' id='word_1_171' title='bbox 864 2331 926 2398; x_wconf 90' lang='lat' dir='ltr'><strong>hac</strong></span> <span class='ocrx_word' id='word_1_172' title='bbox 940 2333 1098 2398; x_wconf 89' lang='lat' dir='ltr'><strong>sententia</strong></span> <span class='ocrx_word' id='word_1_173' title='bbox 1113 2331 1260 2416; x_wconf 83' lang='lat' dir='ltr'><strong>discedit,</strong></span> 
     </span>
     <span class='ocr_line' id='line_1_21' title="bbox 110 2425 1261 2516; baseline -0.001 -15"><span class='ocrx_word' id='word_1_174' title='bbox 110 2455 179 2502; x_wconf 88' lang='lat' dir='ltr'><strong>cum</strong></span> <span class='ocrx_word' id='word_1_175' title='bbox 196 2435 276 2500; x_wconf 89' lang='lat' dir='ltr'><strong>dicit</strong></span> <span class='ocrx_word' id='word_1_176' title='bbox 287 2427 352 2496; x_wconf 81' lang='lat' dir='ltr'><strong>‘dic</strong></span> <span class='ocrx_word' id='word_1_177' title='bbox 362 2431 567 2494; x_wconf 82' lang='lat' dir='ltr'><strong>oolllrommcn</strong></span> <span class='ocrx_word' id='word_1_178' title='bbox 582 2431 806 2516; x_wconf 69' lang='lat' dir='ltr'><strong>dunotmdjsipc</strong></span> <span class='ocrx_word' id='word_1_179' title='bbox 820 2425 1131 2506; x_wconf 79' lang='lat' dir='ltr'><strong>„Beredoumlrcit“&#39;.</strong></span> <span class='ocrx_word' id='word_1_180' title='bbox 1158 2433 1261 2511; x_wconf 77' lang='lat' dir='ltr'><strong>Quem</strong></span> 
     </span>
    </p>
   </div>
   <div class='ocr_carea' id='block_1_6' title="bbox 109 2526 1262 2927">
    <p class='ocr_par' dir='ltr' id='par_1_6' title="bbox 109 2526 1262 2927">
     <span class='ocr_line' id='line_1_22' title="bbox 109 2526 1262 2620; baseline -0.001 -18"><span class='ocrx_word' id='word_1_181' title='bbox 109 2537 332 2604; x_wconf 83' lang='lat' dir='ltr'><strong>Volkmannus</strong></span> <span class='ocrx_word' id='word_1_182' title='bbox 353 2536 513 2618; x_wconf 84' lang='lat' dir='ltr'><strong>intellegit</strong></span> <span class='ocrx_word' id='word_1_183' title='bbox 535 2531 710 2598; x_wconf 82' lang='grc' dir='ltr'><strong><em>πολιτικὸν</em></strong></span> <span class='ocrx_word' id='word_1_184' title='bbox 734 2526 839 2617; x_wconf 72' lang='grc' dir='ltr'><strong><em>λόγον,</em></strong></span> <span class='ocrx_word' id='word_1_185' title='bbox 866 2536 971 2601; x_wconf 88' lang='lat' dir='ltr'><strong>simile</strong></span> <span class='ocrx_word' id='word_1_186' title='bbox 995 2535 1072 2620; x_wconf 90' lang='lat' dir='ltr'><strong>quid</strong></span> <span class='ocrx_word' id='word_1_187' title='bbox 1095 2543 1145 2602; x_wconf 86' lang='lat' dir='ltr'><strong>cst</strong></span> <span class='ocrx_word' id='word_1_188' title='bbox 1165 2544 1262 2619; x_wconf 85' lang='lat' dir='ltr'><strong>atque</strong></span> 
     </span>
     <span class='ocr_line' id='line_1_23' title="bbox 110 2634 1262 2726; baseline -0.002 -22"><span class='ocrx_word' id='word_1_189' title='bbox 110 2634 126 2704; x_wconf 81' lang='grc' dir='ltr'>ὁ</span> <span class='ocrx_word' id='word_1_190' title='bbox 149 2635 378 2724; x_wconf 84' lang='grc' dir='ltr'><strong><em>κράτιστος</em></strong></span> <span class='ocrx_word' id='word_1_191' title='bbox 400 2639 466 2701; x_wconf 81' lang='grc' dir='ltr'><strong>τῶν</strong></span> <span class='ocrx_word' id='word_1_192' title='bbox 489 2636 567 2700; x_wconf 86' lang='grc' dir='ltr'><strong><em>πολ.</em></strong></span> <span class='ocrx_word' id='word_1_193' title='bbox 593 2634 792 2726; x_wconf 33' lang='grc' dir='ltr'><strong><em>λόγον’(ὃρ.</em></strong></span> <span class='ocrx_word' id='word_1_194' title='bbox 814 2639 846 2702; x_wconf 92' lang='lat' dir='ltr'><strong>II</strong></span> <span class='ocrx_word' id='word_1_195' title='bbox 868 2640 947 2721; x_wconf 88' lang='lat'><strong>398,</strong></span> <span class='ocrx_word' id='word_1_196' title='bbox 973 2643 1021 2703; x_wconf 84' lang='lat' dir='ltr'><strong>tc.</strong></span> <span class='ocrx_word' id='word_1_197' title='bbox 1045 2638 1094 2704; x_wconf 90' lang='lat' dir='ltr'><strong>W.</strong></span> <span class='ocrx_word' id='word_1_198' title='bbox 1117 2639 1165 2703; x_wconf 88' lang='grc' dir='ltr'><strong>ΙΙΙ</strong></span> <span class='ocrx_word' id='word_1_199' title='bbox 1188 2639 1262 2715; x_wconf 87' lang='grc'>366)</span> 
     </span>
     <span class='ocr_line' id='line_1_24' title="bbox 110 2730 1262 2825; baseline -0.006 -15"><span class='ocrx_word' id='word_1_200' title='bbox 110 2745 162 2810; x_wconf 90' lang='lat' dir='ltr'><strong>vel</strong></span> <span class='ocrx_word' id='word_1_201' title='bbox 183 2739 220 2807; x_wconf 74' lang='grc' dir='ltr'>τί</span> <span class='ocrx_word' id='word_1_202' title='bbox 246 2735 421 2806; x_wconf 84' lang='grc' dir='ltr'><strong><em>πολιτικὸν</em></strong></span> <span class='ocrx_word' id='word_1_203' title='bbox 444 2733 469 2802; x_wconf 79' lang='lat' dir='ltr'><strong>ui</strong></span> <span class='ocrx_word' id='word_1_204' title='bbox 478 2763 496 2816; x_wconf 85' lang='grc' dir='ltr'><em>ς</em></span> <span class='ocrx_word' id='word_1_205' title='bbox 525 2730 696 2825; x_wconf 76' lang='grc' dir='ltr'><strong><em>ἀληθῶς</em></strong></span> <span class='ocrx_word' id='word_1_206' title='bbox 725 2739 791 2823; x_wconf 83' lang='lat' dir='ltr'><strong>(Sp.</strong></span> <span class='ocrx_word' id='word_1_207' title='bbox 815 2741 847 2804; x_wconf 95' lang='lat' dir='ltr'><strong>II</strong></span> <span class='ocrx_word' id='word_1_208' title='bbox 870 2743 947 2824; x_wconf 84' lang='grc'><strong>337,</strong></span> <span class='ocrx_word' id='word_1_209' title='bbox 971 2743 1022 2805; x_wconf 91' lang='grc'><strong>22.</strong></span> <span class='ocrx_word' id='word_1_210' title='bbox 1046 2740 1094 2805; x_wconf 90' lang='lat' dir='ltr'><strong>W.</strong></span> <span class='ocrx_word' id='word_1_211' title='bbox 1117 2741 1166 2805; x_wconf 92' lang='grc' dir='ltr'><strong>ΙΙΙ</strong></span> <span class='ocrx_word' id='word_1_212' title='bbox 1188 2742 1262 2814; x_wconf 89' lang='grc'><strong>287)</strong></span> 
     </span>
     <span class='ocr_line' id='line_1_25' title="bbox 110 2834 1261 2927; baseline -0.005 -15"><span class='ocrx_word' id='word_1_213' title='bbox 110 2847 163 2912; x_wconf 86' lang='lat' dir='ltr'><strong>vel</strong></span> <span class='ocrx_word' id='word_1_214' title='bbox 191 2841 229 2909; x_wconf 84' lang='grc' dir='ltr'><strong>τὸ</strong></span> <span class='ocrx_word' id='word_1_215' title='bbox 261 2839 436 2907; x_wconf 81' lang='grc' dir='ltr'><strong><em>πολιτικὸν</em></strong></span> <span class='ocrx_word' id='word_1_216' title='bbox 465 2835 518 2918; x_wconf 80' lang='grc' dir='ltr'><strong>ὡς</strong></span> <span class='ocrx_word' id='word_1_217' title='bbox 547 2834 679 2917; x_wconf 76' lang='grc' dir='ltr'><strong><em>ὅντως</em></strong></span> <span class='ocrx_word' id='word_1_218' title='bbox 706 2841 774 2926; x_wconf 90' lang='lat' dir='ltr'><strong>(Sp.</strong></span> <span class='ocrx_word' id='word_1_219' title='bbox 799 2841 931 2927; x_wconf 82' lang='grc'><strong>11330,</strong></span> <span class='ocrx_word' id='word_1_220' title='bbox 957 2845 1007 2907; x_wconf 82' lang='lat'><strong>27.</strong></span> <span class='ocrx_word' id='word_1_221' title='bbox 1035 2842 1084 2907; x_wconf 91' lang='lat' dir='ltr'><strong>W.</strong></span> <span class='ocrx_word' id='word_1_222' title='bbox 1107 2843 1155 2906; x_wconf 87' lang='grc' dir='ltr'><strong>ΙΙΙ</strong></span> <span class='ocrx_word' id='word_1_223' title='bbox 1178 2841 1261 2922; x_wconf 83' lang='grc'><strong>278).</strong></span> 
     </span>
    </p>
   </div>
   <div class='ocr_carea' id='block_1_7' title="bbox 112 2943 1260 3031">
    <p class='ocr_par' dir='ltr' id='par_1_7' title="bbox 112 2943 1260 3031">
     <span class='ocr_line' id='line_1_26' title="bbox 112 2943 1260 3031; baseline -0.003 -18"><span class='ocrx_word' id='word_1_224' title='bbox 112 2947 260 3014; x_wconf 81' lang='lat' dir='ltr'><strong>Ceterum</strong></span> <span class='ocrx_word' id='word_1_225' title='bbox 282 2952 410 3031; x_wconf 89' lang='lat' dir='ltr'><strong>praeter</strong></span> <span class='ocrx_word' id='word_1_226' title='bbox 433 2943 501 3026; x_wconf 90' lang='lat' dir='ltr'><strong>hos,</strong></span> <span class='ocrx_word' id='word_1_227' title='bbox 525 2964 606 3028; x_wconf 90' lang='lat' dir='ltr'><strong>quos</strong></span> <span class='ocrx_word' id='word_1_228' title='bbox 622 2945 742 3028; x_wconf 86' lang='lat' dir='ltr'><strong>passim</strong></span> <span class='ocrx_word' id='word_1_229' title='bbox 758 2964 816 3010; x_wconf 91' lang='lat' dir='ltr'><strong>nos</strong></span> <span class='ocrx_word' id='word_1_230' title='bbox 836 2944 943 3011; x_wconf 89' lang='lat' dir='ltr'><strong>adhue</strong></span> <span class='ocrx_word' id='word_1_231' title='bbox 958 2945 1140 3010; x_wconf 87' lang='lat' dir='ltr'><strong>notavimus</strong></span> <span class='ocrx_word' id='word_1_232' title='bbox 1162 2945 1260 3026; x_wconf 91' lang='lat' dir='ltr'><strong>locos,</strong></span> 
     </span>
    </p>
   </div>
   <div class='ocr_carea' id='block_1_8' title="bbox 112 3044 1263 3540">
    <p class='ocr_par' dir='ltr' id='par_1_8' title="bbox 112 3044 1263 3234">
     <span class='ocr_line' id='line_1_27' title="bbox 112 3044 1263 3131; baseline -0.001 -19"><span class='ocrx_word' id='word_1_233' title='bbox 112 3047 172 3116; x_wconf 89' lang='lat' dir='ltr'><strong>bac</strong></span> <span class='ocrx_word' id='word_1_234' title='bbox 195 3050 318 3116; x_wconf 85' lang='lat' dir='ltr'><strong>ratione</strong></span> <span class='ocrx_word' id='word_1_235' title='bbox 341 3053 526 3131; x_wconf 88' lang='lat' dir='ltr'><strong>usurpatam</strong></span> <span class='ocrx_word' id='word_1_236' title='bbox 554 3047 718 3114; x_wconf 92' lang='lat' dir='ltr'><strong>notionem</strong></span> <span class='ocrx_word' id='word_1_237' title='bbox 748 3047 921 3111; x_wconf 79' lang='grc' dir='ltr'><strong><em>πολιτικοῦ</em></strong></span> <span class='ocrx_word' id='word_1_238' title='bbox 950 3044 1049 3129; x_wconf 82' lang='grc' dir='ltr'><strong><em>λόγου</em></strong></span> <span class='ocrx_word' id='word_1_239' title='bbox 1072 3047 1105 3111; x_wconf 95' lang='lat' dir='ltr'><strong>in</strong></span> <span class='ocrx_word' id='word_1_240' title='bbox 1128 3046 1263 3112; x_wconf 91' lang='lat' dir='ltr'><strong>Hermo·</strong></span> 
     </span>
     <span class='ocr_line' id='line_1_28' title="bbox 113 3149 588 3234; baseline -0.006 -17"><span class='ocrx_word' id='word_1_241' title='bbox 113 3152 202 3234; x_wconf 85' lang='lat' dir='ltr'><strong>genis</strong></span> <span class='ocrx_word' id='word_1_242' title='bbox 223 3151 315 3216; x_wconf 91' lang='lat' dir='ltr'><strong>libris</strong></span> <span class='ocrx_word' id='word_1_243' title='bbox 337 3149 394 3215; x_wconf 86' lang='lat' dir='ltr'><strong>vix</strong></span> <span class='ocrx_word' id='word_1_244' title='bbox 416 3149 588 3215; x_wconf 87' lang='lat' dir='ltr'><strong>inveneris.</strong></span> 
     </span>
    </p>

    <p class='ocr_par' dir='ltr' id='par_1_9' title="bbox 114 3248 1263 3540">
     <span class='ocr_line' id='line_1_29' title="bbox 194 3248 1263 3334; baseline -0.005 -16"><span class='ocrx_word' id='word_1_245' title='bbox 194 3253 338 3318; x_wconf 84' lang='lat' dir='ltr'><strong>Altera</strong></span> <span class='ocrx_word' id='word_1_246' title='bbox 360 3270 455 3334; x_wconf 88' lang='lat' dir='ltr'><strong>porro</strong></span> <span class='ocrx_word' id='word_1_247' title='bbox 478 3249 655 3314; x_wconf 80' lang='grc' dir='ltr'><strong><em>πολιτικοῦ</em></strong></span> <span class='ocrx_word' id='word_1_248' title='bbox 674 3248 772 3334; x_wconf 83' lang='grc' dir='ltr'><strong><em>λόγου</em></strong></span> <span class='ocrx_word' id='word_1_249' title='bbox 787 3252 873 3317; x_wconf 89' lang='lat' dir='ltr'><strong>notio</strong></span> <span class='ocrx_word' id='word_1_250' title='bbox 895 3251 1030 3317; x_wconf 85' lang='lat' dir='ltr'><strong>artior</strong></span> <span class='ocrx_word' id='word_1_251' title='bbox 1052 3250 1109 3314; x_wconf 87' lang='lat' dir='ltr'><strong>illa</strong></span> <span class='ocrx_word' id='word_1_252' title='bbox 1132 3248 1263 3333; x_wconf 84' lang='lat' dir='ltr'><strong>quidem</strong></span> 
     </span>
     <span class='ocr_line' id='line_1_30' title="bbox 114 3351 1263 3436; baseline -0.003 -17"><span class='ocrx_word' id='word_1_253' title='bbox 114 3361 145 3419; x_wconf 89' lang='lat' dir='ltr'><strong>et</strong></span> <span class='ocrx_word' id='word_1_254' title='bbox 159 3354 365 3434; x_wconf 90' lang='lat' dir='ltr'><strong>contionales,</strong></span> <span class='ocrx_word' id='word_1_255' title='bbox 382 3351 561 3435; x_wconf 90' lang='lat' dir='ltr'><strong>iudiciales,</strong></span> <span class='ocrx_word' id='word_1_256' title='bbox 581 3353 694 3419; x_wconf 87' lang='lat' dir='ltr'><strong>civiles</strong></span> <span class='ocrx_word' id='word_1_257' title='bbox 710 3354 923 3436; x_wconf 84' lang='lat' dir='ltr'><strong>panegyricos</strong></span> <span class='ocrx_word' id='word_1_258' title='bbox 937 3353 1091 3435; x_wconf 84' lang='lat' dir='ltr'><strong>amplexa</strong></span> <span class='ocrx_word' id='word_1_259' title='bbox 1106 3353 1183 3435; x_wconf 92' lang='lat' dir='ltr'><strong>quin</strong></span> <span class='ocrx_word' id='word_1_260' title='bbox 1198 3371 1263 3417; x_wconf 95' lang='lat' dir='ltr'><strong>non</strong></span> 
     </span>
     <span class='ocr_line' id='line_1_31' title="bbox 114 3451 1263 3540; baseline -0.002 -20"><span class='ocrx_word' id='word_1_261' title='bbox 114 3455 272 3540; x_wconf 89' lang='lat' dir='ltr'><strong>discrepet</strong></span> <span class='ocrx_word' id='word_1_262' title='bbox 293 3456 334 3521; x_wconf 96' lang='lat' dir='ltr'><strong>ab</strong></span> <span class='ocrx_word' id='word_1_263' title='bbox 353 3455 411 3520; x_wconf 86' lang='lat' dir='ltr'><strong>illa</strong></span> <span class='ocrx_word' id='word_1_264' title='bbox 432 3455 586 3539; x_wconf 88' lang='lat' dir='ltr'><strong>primaria</strong></span> <span class='ocrx_word' id='word_1_265' title='bbox 600 3474 621 3520; x_wconf 90' lang='lat' dir='ltr'><strong>a</strong></span> <span class='ocrx_word' id='word_1_266' title='bbox 635 3455 727 3521; x_wconf 92' lang='lat' dir='ltr'><strong>nobis</strong></span> <span class='ocrx_word' id='word_1_267' title='bbox 750 3456 915 3540; x_wconf 87' lang='lat' dir='ltr'><strong>appellata</strong></span> <span class='ocrx_word' id='word_1_268' title='bbox 936 3454 1105 3522; x_wconf 88' lang='lat' dir='ltr'><strong>locutionis</strong></span> <span class='ocrx_word' id='word_1_269' title='bbox 1128 3451 1263 3518; x_wconf 87' lang='grc' dir='ltr'><strong><em>πολιτι-</em></strong></span> 
     </span>
    </p>
   </div>
   <div class='ocr_carea' id='block_1_9' title="bbox 111 3654 1266 4151">
    <p class='ocr_par' dir='ltr' id='par_1_10' title="bbox 111 3654 1264 3882">
     <span class='ocr_line' id='line_1_32' title="bbox 199 3654 1264 3724; baseline 0 -14"><span class='ocrx_word' id='word_1_270' title='bbox 199 3662 221 3723; x_wconf 83' lang='grc'><strong>1)</strong></span> <span class='ocrx_word' id='word_1_271' title='bbox 239 3655 369 3712; x_wconf 81' lang='lat' dir='ltr'><strong>Fortasse</strong></span> <span class='ocrx_word' id='word_1_272' title='bbox 391 3671 445 3711; x_wconf 91' lang='lat' dir='ltr'><strong>non</strong></span> <span class='ocrx_word' id='word_1_273' title='bbox 469 3655 560 3724; x_wconf 89' lang='lat' dir='ltr'><strong>inique</strong></span> <span class='ocrx_word' id='word_1_274' title='bbox 582 3654 818 3710; x_wconf 82' lang='lat' dir='ltr'><strong>animadvertimus</strong></span> <span class='ocrx_word' id='word_1_275' title='bbox 834 3655 862 3708; x_wconf 90' lang='lat' dir='ltr'><strong>in</strong></span> <span class='ocrx_word' id='word_1_276' title='bbox 880 3654 1088 3722; x_wconf 78' lang='lat' dir='ltr'><strong>Hermogenem,</strong></span> <span class='ocrx_word' id='word_1_277' title='bbox 1110 3655 1134 3708; x_wconf 91' lang='lat' dir='ltr'><strong>si</strong></span> <span class='ocrx_word' id='word_1_278' title='bbox 1152 3654 1264 3710; x_wconf 86' lang='lat' dir='ltr'><strong>dicimus</strong></span> 
     </span>
     <span class='ocr_line' id='line_1_33' title="bbox 111 3733 1264 3808; baseline 0 -14"><span class='ocrx_word' id='word_1_279' title='bbox 111 3733 174 3796; x_wconf 86' lang='lat' dir='ltr'><strong>‘die</strong></span> <span class='ocrx_word' id='word_1_280' title='bbox 185 3741 448 3798; x_wconf 78' lang='lat' dir='ltr'><strong>Universalitat</strong></span> <span class='ocrx_word' id='word_1_281' title='bbox 464 3741 523 3795; x_wconf 87' lang='lat' dir='ltr'><strong>des</strong></span> <span class='ocrx_word' id='word_1_282' title='bbox 536 3733 665 3807; x_wconf 78' lang='lat' dir='ltr'><strong>Stiles&#39;3</strong></span> <span class='ocrx_word' id='word_1_283' title='bbox 685 3740 807 3794; x_wconf 88' lang='lat' dir='ltr'><strong>estenim</strong></span> <span class='ocrx_word' id='word_1_284' title='bbox 819 3755 863 3794; x_wconf 88' lang='lat' dir='ltr'><strong>res</strong></span> <span class='ocrx_word' id='word_1_285' title='bbox 875 3741 1024 3807; x_wconf 87' lang='lat' dir='ltr'><strong>abstracta,</strong></span> <span class='ocrx_word' id='word_1_286' title='bbox 1042 3753 1123 3808; x_wconf 89' lang='lat' dir='ltr'><strong>quam</strong></span> <span class='ocrx_word' id='word_1_287' title='bbox 1141 3739 1264 3805; x_wconf 87' lang='lat' dir='ltr'><strong>dicimus,</strong></span> 
     </span>
     <span class='ocr_line' id='line_1_34' title="bbox 115 3831 321 3882; baseline 0.015 -3"><span class='ocrx_word' id='word_1_288' title='bbox 115 3840 168 3880; x_wconf 92' lang='lat' dir='ltr'><strong>non</strong></span> <span class='ocrx_word' id='word_1_289' title='bbox 185 3831 321 3882; x_wconf 85' lang='lat' dir='ltr'><strong>concreta.</strong></span> 
     </span>
    </p>

    <p class='ocr_par' dir='ltr' id='par_1_11' title="bbox 115 3909 1266 4151">
     <span class='ocr_line' id='line_1_35' title="bbox 199 3909 1265 3979; baseline 0 -13"><span class='ocrx_word' id='word_1_290' title='bbox 199 3915 224 3978; x_wconf 84' lang='grc'><strong>2)</strong></span> <span class='ocrx_word' id='word_1_291' title='bbox 242 3912 323 3967; x_wconf 87' lang='lat' dir='ltr'><strong>ivan.</strong></span> <span class='ocrx_word' id='word_1_292' title='bbox 342 3911 452 3966; x_wconf 80' lang='lat' dir='ltr'><strong>Mulieri</strong></span> <span class='ocrx_word' id='word_1_293' title='bbox 469 3911 541 3966; x_wconf 87' lang='lat' dir='ltr'><strong>Hdb.</strong></span> <span class='ocrx_word' id='word_1_294' title='bbox 560 3911 585 3965; x_wconf 92' lang='lat' dir='ltr'><strong>d.</strong></span> <span class='ocrx_word' id='word_1_295' title='bbox 605 3911 689 3966; x_wconf 85' lang='lat' dir='ltr'><strong>klass.</strong></span> <span class='ocrx_word' id='word_1_296' title='bbox 704 3911 827 3965; x_wconf 85' lang='lat' dir='ltr'><strong>Altertv.</strong></span> <span class='ocrx_word' id='word_1_297' title='bbox 846 3910 873 3963; x_wconf 92' lang='grc' dir='ltr'><strong>ΙΙ</strong></span> <span class='ocrx_word' id='word_1_298' title='bbox 890 3926 917 3979; x_wconf 92' lang='lat' dir='ltr'><strong>p.</strong></span> <span class='ocrx_word' id='word_1_299' title='bbox 931 3912 991 3964; x_wconf 83' lang='lat'><strong>488.</strong></span> <span class='ocrx_word' id='word_1_300' title='bbox 1011 3939 1040 3950; x_wconf 88' lang='lat'><em>-</em></span> <span class='ocrx_word' id='word_1_301' title='bbox 1063 3909 1104 3964; x_wconf 82' lang='lat' dir='ltr'><strong>Oi.</strong></span> <span class='ocrx_word' id='word_1_302' title='bbox 1124 3914 1265 3978; x_wconf 86' lang='lat' dir='ltr'><strong>praeterea</strong></span> 
     </span>
     <span class='ocr_line' id='line_1_36' title="bbox 115 3995 1266 4064; baseline 0.003 -17"><span class='ocrx_word' id='word_1_303' title='bbox 115 4009 196 4064; x_wconf 87' lang='lat' dir='ltr'><strong>supra</strong></span> <span class='ocrx_word' id='word_1_304' title='bbox 215 4012 242 4064; x_wconf 89' lang='lat' dir='ltr'><strong>p.</strong></span> <span class='ocrx_word' id='word_1_305' title='bbox 257 4001 306 4051; x_wconf 81' lang='lat'><strong>180</strong></span> <span class='ocrx_word' id='word_1_306' title='bbox 324 4012 386 4052; x_wconf 90' lang='lat' dir='ltr'><strong>oum</strong></span> <span class='ocrx_word' id='word_1_307' title='bbox 404 3997 496 4053; x_wconf 84' lang='lat' dir='ltr'><strong>adnot.</strong></span> <span class='ocrx_word' id='word_1_308' title='bbox 511 4002 535 4052; x_wconf 89' lang='lat'><strong>1.</strong></span> <span class='ocrx_word' id='word_1_309' title='bbox 571 3996 622 4051; x_wconf 88' lang='lat' dir='ltr'><strong>Vel</strong></span> <span class='ocrx_word' id='word_1_310' title='bbox 638 3997 837 4064; x_wconf 78' lang='lat' dir='ltr'><strong>Baumgartius,</strong></span> <span class='ocrx_word' id='word_1_311' title='bbox 856 3997 902 4064; x_wconf 86' lang='lat' dir='ltr'><strong>qui</strong></span> <span class='ocrx_word' id='word_1_312' title='bbox 920 4002 995 4050; x_wconf 87' lang='lat' dir='ltr'><strong>recte</strong></span> <span class='ocrx_word' id='word_1_313' title='bbox 1013 3995 1189 4062; x_wconf 80' lang='lat' dir='ltr'><strong>Hermogenis</strong></span> <span class='ocrx_word' id='word_1_314' title='bbox 1206 4011 1266 4050; x_wconf 87' lang='lat' dir='ltr'><strong>sen-</strong></span> 
     </span>
     <span class='ocr_line' id='line_1_37' title="bbox 115 4079 1264 4151; baseline 0.003 -19"><span class='ocrx_word' id='word_1_315' title='bbox 115 4081 224 4135; x_wconf 80' lang='lat' dir='ltr'><strong>tentiam</strong></span> <span class='ocrx_word' id='word_1_316' title='bbox 241 4083 386 4151; x_wconf 86' lang='lat' dir='ltr'><strong>perspexit,</strong></span> <span class='ocrx_word' id='word_1_317' title='bbox 405 4098 460 4137; x_wconf 92' lang='lat' dir='ltr'><strong>uno</strong></span> <span class='ocrx_word' id='word_1_318' title='bbox 478 4082 575 4137; x_wconf 83' lang='lat' dir='ltr'><strong>saltem</strong></span> <span class='ocrx_word' id='word_1_319' title='bbox 592 4082 652 4137; x_wconf 87' lang='lat' dir='ltr'><strong>icco</strong></span> <span class='ocrx_word' id='word_1_320' title='bbox 671 4083 734 4136; x_wconf 88' lang='lat' dir='ltr'><strong>item</strong></span> <span class='ocrx_word' id='word_1_321' title='bbox 747 4097 764 4136; x_wconf 86' lang='lat' dir='ltr'><strong>a</strong></span> <span class='ocrx_word' id='word_1_322' title='bbox 775 4096 838 4137; x_wconf 86' lang='lat' dir='ltr'><strong>vero</strong></span> <span class='ocrx_word' id='word_1_323' title='bbox 856 4079 1000 4146; x_wconf 87' lang='lat' dir='ltr'><strong>aberravit,</strong></span> <span class='ocrx_word' id='word_1_324' title='bbox 1018 4079 1078 4134; x_wconf 91' lang='lat' dir='ltr'><strong>vide</strong></span> <span class='ocrx_word' id='word_1_325' title='bbox 1095 4079 1113 4134; x_wconf 92' lang='lat' dir='ltr'><strong>i.</strong></span> <span class='ocrx_word' id='word_1_326' title='bbox 1126 4081 1143 4134; x_wconf 91' lang='lat' dir='ltr'><strong>i.</strong></span> <span class='ocrx_word' id='word_1_327' title='bbox 1163 4097 1190 4149; x_wconf 89' lang='lat' dir='ltr'><strong>p.</strong></span> <span class='ocrx_word' id='word_1_328' title='bbox 1206 4086 1264 4136; x_wconf 78' lang='lat'><strong>144.</strong></span> 
     </span>
    </p>
   </div>
   <div class='ocr_carea' id='block_1_10' title="bbox 0 0 1513 4886">
    <p class='ocr_par' dir='ltr' id='par_1_12' title="bbox 0 0 1513 4886">
     <span class='ocr_line' id='line_1_38' title="bbox 0 0 1513 4886; baseline 0 0"><span class='ocrx_word' id='word_1_329' title='bbox 0 0 1513 4886; x_wconf 95' lang='lat' dir='ltr'><strong> </strong></span> 
     </span>
    </p>
   </div>
  </div>
 </body>
</html>
