3004 4886
241 307 302 364 208
647 307 760 361 Carolus
777 308 984 362 Braudstaetter

241 480 421 547 accuratius
450 479 631 562 significata
660 482 873 546 Platonem
904 480 944 545 iis
972 480 1207 548 accensendum
1227 500 1298 548 esse
1322 502 1395 548 con·

243 589 322 666 stet,
356 603 377 647 a
405 601 468 664 qno
497 583 569 648 loco
592 583 649 647 vir
673 591 722 649 est
751 583 875 648 alienus
897 581 962 646 XII
981 587 1014 647 5:
1055 573 1174 646 eddeva
1196 581 1397 648 διαλέλονπα

240 682 358 764 χνόνσν
385 678 453 748 ind
482 682 542 764 μὲν
565 686 632 748 τῶν
661 686 834 770 σοφιστῶν
860 685 927 747 τῶν
957 676 1125 766 ἀδοκίμων
1153 687 1210 750 καὶ
1239 689 1395 772 πονηρῶν

243 783 508 867 διαβαλλόμενος
538 785 606 849 κτλ.
650 787 733 851 'an
763 786 925 852 nonnullis
954 787 1035 852 locis
1064 788 1097 851 in
1120 789 1304 854 universnm
1329 790 1397 872 qni

244 888 445 953 hominnm
470 888 709 954 educationi
733 907 776 952 se
797 889 1030 971 applicant,
1052 909 1115 954 non
1138 909 1211 955 raro
1233 891 1305 973 ipso
1328 891 1396 956 Iso·

243 997 330 1056 crate
345 990 478 1074 incluso,
501 997 656 1056 vocantur
671 990 844 1073 sophistae,
868 989 954 1055 nude
979 991 1020 1056 de
1042 990 1203 1058 rhetorico
1226 994 1317 1058 vocis
1346 1013 1396 1059 so·

242 1091 371 1176 phistae
393 1111 452 1157 usn
475 1090 556 1156 nihil
579 1093 685 1158 evinci
714 1094 746 1156 in
768 1093 940 1175 propatulo
971 1100 1029 1158 est.
1074 1093 1177 1159 Huius
1205 1094 1325 1160 indolis
1348 1103 1398 1162 est
1485 1157 1486 1184 q

244 1215 289 1258 or.
312 1194 372 1258 XV
397 1197 456 1258 197
487 1195 555 1266 (ubi
583 1193 713 1277 quidem
742 1193 861 1260 diserte
889 1191 1031 1258 παιδεία
1060 1197 1140 1278 περὶ
1168 1192 1246 1272 τούς
1278 1194 1397 1280 λόγους

239 1283 265 1384 ἦ
281 1294 421 1376 πράξεις
436 1315 545 1361 eorum
560 1295 719 1379 professio
734 1303 944 1379 nuncupatur,
969 1317 1099 1380 prorsus
1121 1299 1223 1381 ipsius
1244 1300 1398 1366 Isocratis

242 1401 435 1482 disciplinae
458 1397 721 1481 accommodate),
744 1398 805 1462 XV
823 1403 883 1462 155
898 1418 938 1459 ω
955 1403 1014 1462 157
1037 1400 1104 1473 (ubi
1121 1399 1259 1483 Gorgias
1282 1409 1316 1466 et
1330 1403 1397 1470 Iso·

245 1508 349 1567 crates
363 1499 515 1566 mercede
530 1499 682 1566 docentes
698 1504 1008 1579 commemorantur),
1024 1501 1086 1566 XV
1101 1505 1163 1565 215
1180 1504 1246 1575 (nbi
1259 1502 1291 1567 oi
1305 1502 1397 1588 φύο-

244 1625 357 1678 ιιοντες
373 1597 459 1667 εἶναι
484 1602 643 1688 σοφισταὶ
668 1602 766 1667 iidem
782 1611 964 1685 cantatque
980 1602 1013 1666 oi
1029 1603 1319 1686 προσποιούμενοι
1340 1605 1398 1670 ὁύ-

243 1709 372 1769 ναοδαι
388 1702 628 1782 παιδεύειν,
652 1705 693 1769 de
710 1704 824 1770 iisdem
841 1706 995 1787 repetitur
1009 1726 1074 1772 vox
1093 1704 1258 1791 σοφιστὴς
1280 1708 1396 1774 eodem

244 1829 339 1874 sensu
362 1807 512 1876 adhibita
532 1806 593 1871 XV
610 1809 671 1870 220
689 1815 721 1871 et
735 1809 797 1869 222
814 1808 955 1890 itemque
970 1807 1031 1872 XV
1050 1811 1126 1872 168:
1149 1805 1194 1894 μὴ
1209 1811 1268 1895 τῆς
1283 1812 1398 1894 κοινῆς

244 1911 323 1993 περὶ
346 1906 424 1983 τούς
447 1905 613 1994 σοφιστὰς
636 1906 795 1994 διαβολῆς
818 1900 1001 1972 ἀπολαύσω
1024 1933 1064 1976 τι,
1081 1912 1250 1994 φλαῦρον).

329 2011 448 2078 Omnes
466 2014 531 2076 iam
551 2013 755 2076 examinasse
770 2031 829 2076 nos
844 2012 933 2076 locos
948 2012 1126 2078 Isocrateos
1149 2033 1255 2096 spero,
1279 2015 1398 2098 quihus
1487 2081 1488 2092 ,

243 2115 460 2198 sophistarum
475 2112 511 2178 fit
525 2114 644 2178 mentio
656 2149 698 2158 -
710 2132 814 2194 neque
830 2114 915 2178 enim
929 2114 1183 2180 adiectivnm
1201 2136 1398 2201 σοφιστι-
1487 2093 1488 2156 3

243 2213 313 2292 κὸς
335 2235 441 2300 neque
465 2216 630 2281 verbnm
655 2212 930 2298 σοφιστεύειν
951 2217 1038 2300 apud
1066 2235 1137 2281 eum
1161 2219 1322 2283 invenitur
1345 2255 1397 2303 —‚

244 2341 283 2386 ac
305 2323 375 2384 iure
390 2318 521 2402 quidem
539 2316 601 2382 hoc
623 2315 702 2380 mihi
719 2317 834 2381 videor
849 2323 1007 2382 statuere:
1029 2318 1147 2399 Apud
1170 2319 1398 2388 Isocratem

243 2422 417 2487 noudum
434 2440 514 2485 vox
537 2417 731 2503 sophista
754 2418 1245 2486 terminiadrhetorioam
1268 2424 1397 2489 solam

243 2523 473 2609 spectantis
495 2540 657 2586 munere
679 2521 867 2602 fungitur
893 2523 1061 2587 necdum
1091 2521 1280 2588 technice
1309 2545 1398 2591 cer·

244 2635 323 2691 tum
357 2623 559 2708 quoddam
594 2626 683 2688 sive
717 2631 921 2688 oratorum
957 2626 1044 2688 sive
1078 2623 1245 2690 dicendi
1271 2631 1398 2710 magi-

243 2738 418 2794 atrorum
447 2745 575 2808 genus
605 2725 678 2791 hoc
707 2727 961 2807 potissimum
990 2735 1192 2809 tamquam
1225 2731 1399 2812 proprio

243 2831 401 2896 nomine
430 2829 687 2912 appellatum
716 2829 765 2892 ab
794 2828 878 2893 alio
907 2828 1075 2910 quodam
1105 2836 1214 2894 certo
1247 2850 1399 2910 genere

244 2932 518 3013 disiungitnr3
541 2930 611 2996 sed
635 2930 911 2994 illudtantum
928 2931 1230 2996 concedendum
1247 2932 1399 3000 esthac

244 3053 343 3100 voce
366 3053 443 3098 non
467 3051 662 3114 nusquam
686 3032 981 3097 itaIsocratem
1003 3033 1081 3111 uti,
1104 3041 1146 3097 ut
1167 3035 1399 3100 exlooina·

246 3149 339 3201 tura
371 3153 591 3217 rerumque
620 3134 867 3198 condicione
896 3142 1037 3218 pateat
1066 3134 1112 3199 de
1141 3135 1194 3200 iis
1223 3137 1398 3217 potissi·

244 3259 345 3304 mum
368 3257 416 3302 ex
439 3256 605 3302 numero
636 3234 912 3320 sophistarum
936 3237 1062 3319 vulgo
1092 3238 1397 3320 appellatorum

246 3338 510 3430 cogitandum
545 3357 643 3420 esse,
685 3339 865 3421 quisive
902 3336 1135 3403 rhetoricae
1167 3339 1397 3406 tradendae

244 3444 334 3508 sive
363 3440 609 3525 epidicticis
643 3441 903 3506 orationibus
936 3440 1139 3506 faciendis
1172 3444 1397 3527 praecipue

245 3564 409 3628 operam
431 3543 680 3608 tribuebant.

330 3645 519 3710 Platonis
545 3663 641 3726 porro
671 3645 767 3726 quale
795 3645 837 3710 sit
866 3642 1019 3708 iudicium
1045 3643 1087 3708 de
1110 3642 1326 3727 sophistarum
1349 3649 1397 3712 in·

244 3749 340 3832 genio
362 3752 460 3828 atque
484 3745 590 3811 studio
604 3747 625 3821 1)
648 3755 683 3810 nt
711 3747 788 3812 satis
811 3753 919 3811 notum
948 3764 1054 3828 neque
1076 3745 1118 3810 ad
1141 3753 1283 3811 nostrum
1306 3748 1398 3815 insti·

242 3857 448 3865 -————-——--

330 3899 354 3960 t)
367 3894 452 3961 Quam
464 3894 619 3949 brevissime
632 3899 781 3950 coartatam
792 3894 947 3948 Platonis
959 3895 1043 3949 hahes
1055 3895 1217 3949 sonantium
1229 3896 1258 3949 in
1268 3897 1398 3966 Protag.

242 4000 269 4050 p
285 3985 334 4034 34⁹
343 3982 377 4045 Δ,
395 3979 486 4033 ubido
497 3979 646 4045 Protagora
664 3981 732 4033 haec
749 3979 825 4032 dicit:
845 3971 912 4050 σύγ’
930 3972 1099 4049 α’ναφοινδὸν
1115 3976 1240 4036 σεαυτὸν
1256 3975 1399 4056 ὑποκηρυ-

243 4062 365 4134 ξάμενος
384 4063 423 4128 sic
440 4055 550 4128 πάντας
567 4054 794 4134 τοὺςἝλληνας,
813 4058 952 4135 σοφιστὴν
969 4060 1168 4132 ἐπονομάσας,
1187 4062 1312 4122 σεαυτὸν
1330 4061 1400 4124 uind-
