3004 4886
292 337 353 394 228
696 337 809 392 Carolus
828 337 1033 394 Brundstaetter

290 507 331 572 Εἰ
352 505 415 592 γὰρ
427 503 618 591 Ἐπίκουρος
639 509 694 573 καὶ
711 505 943 594 Μητρόδωρος
965 506 1015 574 ’ἑτι
1037 501 1070 573 δ’
1087 499 1270 596 Ἕρμαρχος
1294 501 1435 596 ἀποφαί-

289 635 404 676 νονται
426 615 540 698 τέχνην
561 605 721 694 ὑπάρχειν
750 607 808 698 τὴν
830 609 1001 698 τοιαύτην,
1033 605 1078 686 ὥς
1108 607 1141 676 ἓν
1163 621 1235 686 τοῖς
1258 609 1331 696 ἑξῆς
1355 606 1435 675 dno-

289 711 472 800 μνησομεν,
502 711 535 777 οἱ
557 710 688 788 τούτοις
718 703 977 799 άντιγράφοντες
1000 705 1037 777 ού
1061 711 1150 777 ιτάνυ
1173 737 1207 778 τι
1228 715 1358 796 μακράν
1384 717 1435 797 της

288 817 355 878 τιῦν
378 813 593 898 πατραλοίαν
615 813 793 900 καταδίκης
816 807 1044 900 ἀφεστήκασιν
1065 850 1117 898 -,
1141 815 1200 882 sed
1222 817 1320 882 etiam
1342 823 1434 883 totam

289 919 686 999 argumentationem
706 916 896 1002 adldpiouri
918 919 1109 984 sententiam
1124 938 1163 984 ao
1184 938 1327 984 normam
1349 937 1435 985 τοσα-

289 1019 645 1102 1·atoaooommodavit;
668 1018 730 1086 hoo
744 1039 821 1085 varo
837 1021 865 1085 si
879 1020 1021 1086 facturus
1037 1025 1116 1102 erat,
1132 1019 1166 1085 id
1181 1021 1318 1103 primum
1335 1027 1435 1104 postu·

184 1136 188 1152 ·
289 1123 424 1206 labatur,
447 1128 482 1188 ut
503 1121 720 1206 sophistae
741 1122 913 1205 notionem,
937 1119 978 1187 da
1001 1141 1066 1204 qua
1083 1128 1150 1188 tota
1171 1123 1240 1188 fere
1263 1128 1312 1188 est
1334 1122 1435 1205 dispu-

289 1227 378 1307 tatio,
395 1224 510 1291 aodam
531 1243 626 1290 aonsu
648 1222 827 1306 adhiberet,
851 1243 914 1306 quo
929 1224 971 1288 ah
987 1224 1151 1307 Epicuro
1175 1223 1353 1290 adhibitam
1370 1245 1434 1290 eam

289 1347 361 1394 essa
383 1328 452 1394 sivo
474 1345 532 1410 por
548 1324 679 1392 soholaa
698 1326 967 1392 continuationem
989 1327 1059 1392 sive
1073 1345 1132 1410 per
1147 1327 1246 1392 libros
1262 1333 1433 1410 aoooporat.

289 1429 446 1507 Quodne
475 1429 521 1492 ita
548 1427 761 1508 intellexeris,
797 1433 830 1492 ut
852 1429 958 1492 omnia
988 1429 1041 1493 vel
1063 1429 1206 1512 singula,
1241 1448 1324 1510 quae
1355 1427 1434 1512 apud

289 1530 514 1597 Philodamum
538 1527 702 1613 sophistae
724 1529 855 1612 propria
877 1535 1072 1612 comparent,
1094 1529 1137 1594 ad
1155 1535 1295 1596 aetatum
1313 1529 1434 1613 Epicuri

289 1654 340 1699 ma
368 1632 538 1698 transferre
561 1632 717 1715 opineris:
751 1631 977 1697 deuotione
1005 1631 1220 1715 sophistae
1246 1633 1317 1698 sola
1339 1633 1434 1714 iisque

289 1737 395 1817 robus,
419 1754 501 1817 quaa
524 1733 616 1816 quasi
640 1734 708 1799 eius
731 1733 872 1816 speciem
895 1732 1045 1816 allidunt,
1069 1733 1148 1798 mihi
1171 1753 1222 1801 res
1245 1740 1302 1800 est.

375 1836 480 1920 Caput
507 1836 604 1919 igitur
635 1833 729 1900 huius
758 1834 983 1918 disputationis
1016 1841 1048 1901 ot
1080 1837 1171 1919 quasi
1205 1857 1329 1902 summa
1361 1834 1434 1900 hasa

290 1947 353 2008 est:
377 1939 577 2022 Epicurus
599 1937 772 2020 primus,
803 1943 995 2019 quantum
1021 1938 1138 2004 nobis
1160 1938 1265 2004 lioot
1286 1937 1433 2015 vidoro,

288 2042 447 2109 nomino
478 2033 683 2123 σοφιστὴς
717 2039 911 2122 proprio
939 2039 1207 2122 epidictioum
1240 2045 1433 2106 oratorem

289 2143 410 2210 simul
434 2141 641 2206 dooandao
671 2139 940 2216 rhetorioaa¹l
968 2143 1108 2224 (atquo
1131 2142 1330 2225 imprimis
1360 2141 1434 2224 epi·

289 2245 486 2322 diotioae)
509 2261 670 2307 munere
692 2243 926 2325 fungentem
950 2244 1191 2327 appellavit.

378 2399 400 2459 1)
419 2393 551 2460 Quoniam
569 2392 613 2444 hio
636 2390 753 2461 primum
776 2407 828 2444 vox
853 2386 991 2460 σοφιστὴς
1012 2408 1084 2446 more
1103 2394 1137 2447 de
1154 2394 1290 2448 rhetorico
1314 2395 1433 2461 magistro

290 2483 423 2548 usurpata
435 2475 562 2539 occurrit,
580 2475 643 2529 ilico
656 2491 706 2544 par
718 2482 759 2529 est
771 2491 804 2529 ea
816 2477 970 2530 testimonia
988 2477 1069 2531 huius
1086 2493 1152 2532 usus
1170 2477 1269 2542 afferri,
1288 2494 1355 2547 quaa
1367 2483 1433 2533 certo

288 2563 404 2634 tempori
421 2561 541 2616 tribuero
558 2561 705 2616 nonlicet:

375 2645 508 2716 etymol.
527 2660 628 2712 magn.
647 2659 669 2698 s.
682 2662 720 2699 a:
740 2649 790 2702 νῦν
802 2640 942 2716 σοφιστὰς
953 2640 1021 2711 τοὺς
1034 2650 1189 2719 διατριβῶν
1207 2648 1432 2720 προϊσταμένοις.

409 2722 484 2788 σύτο
502 2725 691 2794 Ἀκολλιύνιος
708 2727 740 2786 ἐν
757 2727 884 2802 ἐξηγήσει
902 2733 961 2786 τῶν
974 2723 1131 2802 Ἡροδότου
1147 2736 1294 2803 γλωσσῶν.

375 2817 519 2886 Hesyoh.
537 2832 559 2870 s.
578 2833 603 2870 u.
622 2811 772 2886 σοφιστής·
791 2809 928 2872 άτιατεύν
945 2811 1115 2882 διδάσκαλος
1133 2821 1306 2889 πανοῦργος.

374 2904 496 2958 Pollux
512 2902 552 2956 IV
570 2907 602 2956 ll
622 2899 773 2974 σοφιστής·
796 2903 964 2968 διδάσκαλος
982 2904 1017 2958 ot'.
1036 2903 1075 2958 1v
1095 2909 1134 2958 17.

373 2988 490 3042 Photii
507 2988 560 3040 lex.
579 3004 602 3041 s.
621 3003 660 3041 u:
683 2987 796 3058 λέγεται
814 2987 843 3043 δὲ
861 2982 1000 3056 σοφιστὴς
1020 2991 1070 3043 καὶ
1089 2983 1105 3044 ὃ
1125 2983 1293 3054 διδάσκαλος
1312 3033 1317 3045 .
1337 3035 1342 3046 .
1360 3033 1365 3045 .
1383 2991 1432 3048 ταῖς

408 3074 544 3144 τεχνίτης.
579 3075 628 3127 καὶ
647 3067 664 3127 ὁ
684 3066 718 3128 τὸ
738 3068 870 3128 λεκτικὸν
886 3064 1023 3144 η’σκηκιύς.

373 3157 496 3212 Suidas
516 3173 537 3211 s.
556 3174 580 3209 v.
594 3181 627 3200 =
639 3156 761 3212 Photius.

374 3243 485 3296 Thom.
504 3257 582 3309 mag.
602 3259 627 3310 p.
642 3246 701 3307 342,
716 3247 746 3296 13
758 3242 796 3297 R:
815 3246 863 3298 καὶ
880 3238 1017 3313 σοφιστὴς
1030 3237 1046 3300 ὃ
1059 3239 1157 3314 ῥήτωρ
1176 3284 1182 3297 .
1197 3283 1204 3298 .
1219 3285 1225 3296 .
1244 3247 1292 3299 καὶ
1305 3236 1431 3312 σοφιστὴς

409 3322 426 3383 ὃ
445 3323 620 3393 διδάσκαλος.

373 3413 474 3482 gloss.
494 3414 565 3467 Lat.
583 3413 610 3466 Il
628 3417 716 3480 435‚4
734 3409 885 3485 σοφιστής·
905 3413 1029 3478 disertor,
1048 3415 1179 3482 sophista.

374 3499 477 3552 Thuc.
497 3499 602 3552 schol.
622 3498 657 3552 ad
669 3500 687 3551 l.
702 3499 743 3552 111
757 3503 799 3566 38,
812 3505 841 3552 7:
860 3495 1016 3570 σοφιστάς·
1035 3498 1103 3564 τοὺς
1114 3497 1146 3555 ἐν
1158 3503 1193 3570 τῇ
1210 3501 1343 3575 συνηθείᾳ
1361 3502 1430 3567 layo·

407 3583 522 3653 μένους·
541 3579 608 3648 τοὺς
626 3579 811 3648 διδασκάλους
828 3587 887 3642 τῶν
904 3581 1066 3656 ῥητορικῶν
1083 3579 1305 3656 προβλημάτων.

375 3669 482 3724 schol.
500 3668 621 3737 Aphth.
641 3669 685 3723 W.
705 3669 732 3722 ΙΙ
750 3673 813 3734 566,
832 3673 859 3722 3:
882 3664 1020 3740 σοφιστὴς
1042 3663 1099 3742 γάρ
1122 3660 1157 3740 ἦν
1180 3674 1240 3726 τῶν
1261 3659 1429 3741 φοιτητιῦνὸ

407 3748 566 3823 Ἂφδόνιος,
585 3749 620 3811 τά
639 3758 688 3824 τῆς
706 3753 858 3828 ῥητορικῆς
875 3754 973 3826 τέχνης
991 3749 1089 3820 αύτοῑς
1106 3747 1305 3812 α’ναπτύσσοιν.

375 3838 481 3893 sohol.
495 3839 647 3906 Hermog.
662 3839 704 3894 W.
718 3841 743 3894 V
756 3844 805 3893 560
820 3838 847 3895 oi
860 3840 1116 3910 σοφιστεύσαντες·
1136 3839 1164 3896 οἱ
1181 3843 1382 3897 διδασκαλείων
1392 3837 1430 3909 ῥο-

408 3927 533 3996 τορικῶν
550 3919 737 3995 προστάντες.

373 4003 477 4065 duod.
495 4009 603 4064 Isoor.
623 4026 661 4064 or.
679 4009 747 4064 XllI
764 4013 820 4065 καὶ
834 4005 920 4067 πάλιν
942 4005 1082 4081 σοφιστὴν
1106 4013 1243 4066 καλοῦσιν
1261 4005 1314 4066 τὸν
1330 4003 1429 4082 ῥήτορα

408 4087 460 4149 τὸν
478 4089 647 4150 διδάσκοντα
667 4090 734 4160 τοὺς
752 4091 921 4166 ῥητορικοὺς
938 4090 1050 4166 λόγους.
