3004 4886
298 315 340 369 De
357 313 497 369 notionum
516 317 663 378 πολιτικας
679 317 707 367 et
725 309 863 385 σοφιστὴς
879 329 930 368 usu
948 314 1091 368 rhetorico.
1208 315 1267 371 207

115 507 236 570 magno
259 507 314 554 ore
337 487 556 568 clamitabant,
580 484 614 550 hi
636 486 692 568 qui
714 486 937 568 arrogantibus
964 505 1041 552 sane
1065 487 1171 553 verbis
1193 507 1266 571 pro·

114 588 290 655 fitebantur
318 589 557 655 facultatem
587 583 836 662 ιιολιιικούς
872 583 1051 670 λόγουςῑ)
1088 587 1268 656 habendi

112 712 150 759 se
175 711 247 759 esse
270 691 458 773 tradituros,
489 691 544 774 qui
567 689 697 773 quidem
720 690 797 766 σοῖο
823 709 865 754 cx
892 688 1107 773 sophistarum
1134 709 1267 756 numero

113 795 166 860 illi
194 795 273 876 sint,
308 813 388 877 quos
416 793 590 877 praecipue
620 791 800 858 rhetoricae
834 810 966 874 operam
999 811 1137 858 navasse
1170 812 1267 875 supra

113 896 270 978 diximus,
293 916 358 962 non
373 901 422 960 est
437 894 579 960 dubium.
606 893 673 959 Iam
690 893 905 976 intellegimus
920 912 1036 959 noman
1052 892 1267 976 sophistarum

112 1000 173 1064 illa
196 997 270 1083 duo,
294 1017 378 1081 quae
401 1016 498 1080 supra
520 996 741 1078 disiunximus,
768 1015 887 1078 genera
903 994 1066 1061 homiuum
1087 997 1267 1080 complecti,

112 1102 162 1166 ita
184 1107 303 1184 tamen,
330 1109 450 1164 utnon
472 1099 514 1163 sit
535 1097 752 1180 colligendum
775 1097 949 1164 Isocratem
971 1098 1041 1164 sive
1064 1105 1266 1164 oratorum

114 1203 282 1288 quoddam
305 1221 406 1285 genus
435 1201 504 1267 sive
533 1201 797 1283 eloquentiae
826 1202 1114 1282 magistrorum
1136 1203 1266 1284 proprio

113 1328 154 1374 ac
177 1305 265 1371 nudo
287 1305 416 1370 nomine
438 1302 653 1386 sophistarum
677 1302 912 1385 significasse.²)
937 1301 1032 1380 Quod
1054 1303 1172 1369 factum
1196 1323 1267 1370 esse

113 1429 156 1475 ne
180 1409 221 1474 iis
244 1406 375 1490 quidem
399 1406 478 1471 locis
500 1404 669 1488 probabile
691 1404 736 1488 fit,
760 1405 875 1489 quibus
903 1403 1068 1489 sophistae
1096 1410 1267 1490 propterea

114 1511 274 1595 imprimis
297 1507 485 1591 laudantur,
509 1508 586 1589 quia
608 1508 769 1574 orationes
792 1528 863 1574 cum
886 1513 954 1573 arte
977 1508 1119 1575 scribunt
1141 1514 1173 1572 et
1195 1507 1268 1573 dili·

113 1619 230 1697 genter
250 1611 437 1695 perpoliunt
452 1609 491 1686 (V
507 1612 588 1686 ppo)
603 1609 647 1674 lV
664 1611 742 1688 82⁴)
757 1609 802 1674 IV
818 1613 905 1686 3.⁵)):
928 1631 1002 1676 nam
1017 1631 1058 1677 ne
1073 1611 1119 1676 ihi
1136 1610 1266 1694 quidem

113 1713 310 1782 crediderim
340 1711 557 1798 sophistarum
586 1730 702 1778 nomen
730 1713 904 1796 specialem
935 1712 1096 1796 quandam
1119 1720 1151 1778 et
1173 1715 1266 1796 quasi

112 1825 185 1886 arte
219 1817 426 1884 constitutam
459 1813 775 1898 epidicticorum
810 1821 1008 1880 oratorum
1031 1835 1101 1882 esse
1123 1817 1266 1899 appella·

114 1921 256 2001 tionem,
286 1919 463 1984 seiunctam
492 1916 533 1981 ah
570 1917 627 1980 illa
655 1916 813 1998 generali,
848 1935 929 1999 quae
958 1917 991 1982 in
1020 1917 1203 1983 uuiversum
1227 1918 1269 1984 de

112 2022 299 2090 homiuibus
321 2040 419 2104 supra
446 2018 616 2101 descriptis
639 2018 777 2083 valebat.
816 2018 915 2085 Porro
938 2019 1086 2085 similiter
1107 2025 1204 2102 atquc
1233 2021 1267 2085 in

113 2146 158 2192 or.
183 2124 266 2188 XIII
289 2124 386 2188 etiam
410 2142 455 2188 or.
478 2119 540 2184 XV
558 2124 615 2185 147
638 2139 685 2202 sq.
712 2114 760 2184 ‘oi
789 2121 869 2205 περὶ
895 2117 955 2206 τήν
982 2121 1190 2206 φιλοσοφίαν
1212 2123 1266 2187 καὶ

25 2274 27 2278 -
111 2223 172 2310 τὴν
197 2217 299 2312 αὐτὴν
321 2228 376 2301 (sc.
404 2224 453 2307 up]
477 2215 669 2308 Ἰσοκράτει)
698 2215 937 2306 πραγματείαν
963 2223 1128 2308 sophistae
1156 2227 1267 2309 appel·

112 2331 232 2411 lantur,
257 2334 288 2393 et
304 2347 348 2393 or.
364 2325 425 2392 XV
441 2328 470 2390 2.
488 2331 507 2389 4
530 2324 695 2409 sophistae
717 2325 763 2391 ita
785 2333 1082 2409 commemorantur,
1105 2333 1140 2392 ut
1154 2347 1189 2394 re
1203 2347 1267 2394 non

203 2533 228 2594 t)
246 2528 326 2582 Patet
342 2528 425 2596 igitur
443 2543 498 2582 non
516 2527 549 2580 de
567 2525 766 2596 epidictieis
784 2527 870 2581 solum
883 2528 1051 2583 orationihus
1069 2543 1129 2584 esse
1147 2529 1268 2596 rogItan-
1376 2571 1379 2578 .

113 2617 186 2682 dum,
200 2613 248 2668 sed
260 2614 288 2667 iu
300 2613 454 2668 uuiversum
467 2612 500 2666 de
510 2611 630 2666 oratoria
641 2611 808 2666 institutione
820 2627 969 2668 sermonem
981 2627 1049 2677 esse,
1062 2613 1147 2681 qualis
1160 2613 1268 2680 quidem

112 2710 171 2756 tum
190 2707 264 2766 erat,
288 2713 349 2752 cum
369 2697 561 2752 contionalium
579 2697 732 2751 orationum
749 2696 876 2760 facultas
887 2699 1006 2752 nondum
1023 2699 1052 2753 iu
1069 2699 1135 2753 artis
1153 2699 1268 2753 formam

112 2787 227 2843 redacta
245 2787 317 2847 erat,
342 2781 412 2850 quod
433 2783 586 2836 illustratur
609 2781 697 2836 verbis
720 2777 787 2838 ἄνευ
805 2787 952 2854 σοφιστῶν
972 2783 1090 2854 λέγειν
1106 2786 1155 2839 καὶ
1173 2788 1269 2840 πολι-

112 2867 285 2928 τεύεσθαι
303 2869 319 2936 ᾖ
340 2872 371 2921 ll
389 2871 417 2921 et
439 2867 576 2922 locutione
599 2862 760 2940 ἀγωνιστὰς
776 2868 830 2938 μὲν
852 2861 982 2940 όγαθοὺς
998 2864 1017 2940 ἢ
1034 2860 1129 2940 λόγων
1147 2864 1268 2941 ποιητὰς

112 2959 128 3025 ξ
148 2963 190 3012 15.
229 2954 264 3008 ot.
283 2958 424 3022 praeterea
442 2970 468 3021 p.
485 2957 532 3006 134
549 2959 576 3006 et
593 2970 619 3022 p.
636 2957 692 3008 136.
859 2963 862 2968 '

200 3043 226 3104 ’2)
244 3038 325 3108 Apud
342 3038 518 3093 Maximum
537 3037 618 3104 igitur
640 3039 838 3104 Plauudem‚
863 3041 908 3109 qui
931 3039 985 3104 (W,
1004 3038 1028 3091 V
1047 3042 1104 3102 225,
1125 3042 1167 3103 25)
1189 3039 1267 3093 dicit:

110 3121 275 3198 Ἰσοκράτης
286 3122 318 3180 ἐν
330 3127 372 3198 τῷ
383 3118 457 3180 κατὰ
477 3128 633 3193 σοφιστῶν,
651 3118 690 3180 δι’
703 3115 745 3180 ῶν
757 3144 825 3197 φησι
842 3120 896 3181 τὸν
912 3124 965 3194 μὲν
983 3121 1122 3197 σοφιστὴν
1141 3119 1268 3196 ὀφείλειν

111 3208 160 3270 όόο
174 3213 265 3268 ταῦτα
277 3217 380 3274 ποιεῖν,
397 3212 516 3281 πρῶτον
528 3204 594 3274 τοὺς
605 3204 732 3275 κανόνας
743 3208 918 3276 ἐκτίθεσθαι,
933 3207 1030 3266 ἔπειτα
1043 3206 1270 3280 παρασκευάζειν

112 3293 181 3362 τους
199 3297 285 3359 ἰδίους
301 3290 407 3365 λόγους
419 3293 458 3359 εἰς
470 3289 650 3366 παράδειγμα
668 3297 727 3350 τῶν
744 3295 985 3367 παραδεδομένων
1001 3292 1136 3352 κανόνων
1153 3295 1269 3361 (videtur

111 3383 250 3452 respicere
268 3379 353 3434 Isocr.
372 3379 438 3432 Xlll
458 3383 487 3432 l'l
497 3385 538 3444 s),
556 3379 625 3434 alius
643 3379 716 3435 vocis
735 3376 872 3452 σοφιστής
890 3389 931 3435 est
949 3397 1023 3436 usus.
1059 3381 1178 3435 Maximo
1196 3382 1267 3434 cuim

113 3460 254 3536 σοφιστὴς
271 3472 313 3520 est
330 3463 489 3528 (secuudum
501 3464 599 3519 aetatis
612 3473 722 3532 morem)
741 3465 902 3533 magister
920 3465 1134 3533 rhetoricam
1153 3465 1269 3520 Isocrati

113 3550 268 3606 rhetoricae
286 3550 427 3617 professor
437 3550 507 3603 inter
520 3549 657 3617 sophistas
676 3557 842 3616 numeratur,
860 3551 979 3606 noudum
993 3544 1137 3619 ‘sophista'
1156 3566 1207 3604 vox
1219 3565 1268 3620 per

105 3651 141 3690 ¹sc
159 3634 315 3690 rhetoricae
333 3632 513 3703 professorem
531 3634 673 3700 significat.

200 3723 226 3784 3)
243 3713 295 3783 τὰς
313 3719 478 3790 δυσχερείας
495 3713 547 3782 τὰς
565 3723 630 3789 περὶ
651 3716 718 3786 τοὺς
742 3715 881 3792 σοφιστὰς
903 3723 951 3776 καὶ
970 3716 1037 3786 τοὺς
1058 3713 1269 3794 ἀναγιγνωσκο-

112 3805 218 3871 μένους
235 3806 295 3858 τῶν
312 3801 409 3876 λόγων
427 3801 488 3856 coll.
508 3803 525 3870 ξ
544 3806 575 3856 25
594 3802 661 3871 τοὺς
679 3801 753 3877 πρὸς
770 3804 902 3872 ἐπίδειξιν
919 3826 943 3860 κ.
962 3803 1056 3878 ἐργολ.
1075 3803 1186 3878 λόγους.

200 3893 226 3952 l)
244 3884 315 3958 μήτε
334 3890 393 3942 τῶν
411 3889 540 3958 ποιητῶν
557 3886 627 3959 μήτε
645 3893 703 3946 τῶν
721 3894 868 3962 σοφιστῶν
886 3884 973 3956 α’ξίως
991 3935 997 3948 .
1012 3935 1037 3947 ..
1056 3891 1154 3948 εἰπεῖν.

199 3978 226 4028 5)
244 3975 347 4028 πολλοὶ
372 3975 431 4028 τῶν
455 3972 735 4046 προσποιησαμένου
758 3971 829 4031 εἶναι
853 3979 1001 4046 σοφιστῶν
1024 3973 1070 4032 ἐπὶ
1092 3982 1197 4035 τοῦτον
1216 3977 1269 4035 τὸν

114 4054 203 4130 λόγον
221 4052 285 4122 (τόν
303 4061 415 4128 πανηγ.)
432 4047 577 4128 ιόρμησαν.
