3004 4886
267 311 329 368 226
677 309 791 366 carmus
811 309 1015 366 Brandstaettor

269 487 317 564 13,
342 483 396 548 uhi
419 479 457 546 τὸ
483 479 696 566 σοφιστεύειν
718 483 936 566 (epidictieum
963 489 1122 552 oratorem
1146 484 1228 560 esse)
1253 483 1418 568 opponitur

264 586 313 669 τη1
337 581 525 669 ῥητορεύειν
549 582 748 668 ἐμπράκτως
770 587 823 663 (--
839 583 1043 664 τιολιτικιῦς),
1067 607 1097 670 p.
1116 588 1187 668 361,
1205 589 1234 668 5,
1257 586 1312 654 ubi
1327 579 1343 668 ἡ
1361 605 1417 648 uo·

266 683 472 773 φιοτεέοοσα
495 689 550 764 (sc.
583 685 753 772 ῥητορική,
778 707 852 772 opp.
876 680 894 770 ἡ
919 688 1138 771 Περικλέους,
1168 685 1416 766 Καλλιστράτου

263 789 319 853 καὶ
342 790 586 874 Δημοσθένους
615 788 770 875 ῥητορεία
798 791 918 872 pust,
938 794 985 874 11,
1009 791 1029 854 i.
1052 809 1079 856 e.
1109 782 1128 876 ἡ
1159 786 1314 874 πολιτικὴ
1338 788 1417 874 ῥητ.)

265 898 314 957 est
337 890 509 974 epidictico
530 889 698 958 rhetorica.
982 949 984 952 .

351 991 522 1076 Sophistao
552 994 631 1078 ipsi,
659 1012 700 1060 ne
727 993 788 1060 hoc
815 994 1121 1076 praetermittamus,
1150 993 1311 1059 nonnullis
1338 993 1416 1057 locis
1478 989 1479 994 ’

192 1159 196 1164 .
265 1095 363 1178 paulo
391 1096 465 1161 aliis
498 1096 680 1162 nominihus
714 1096 926 1179 appellantur.
978 1096 1061 1161 Nam
1096 1093 1314 1180 ῥητορικοὶ
1347 1115 1417 1158 σο-

266 1198 422 1282 φισταὶῑ)
451 1203 605 1264 vocantur
634 1218 665 1280 p.
690 1202 740 1280 79,
763 1201 803 1262 23
826 1217 895 1280 sqq.
922 1198 999 1277 180,
1022 1200 1072 1262 29.
1096 1199 1168 1279 216,
1195 1201 1242 1263 19.
1272 1199 1344 1279 221,
1369 1200 1416 1260 13.

265 1301 337 1381 284,
362 1304 380 1365 3
405 1319 432 1366 e.
454 1321 498 1382 a,
529 1306 561 1366 et
590 1298 628 1363 οἱ
664 1299 883 1385 ῥητορικαὶ
915 1300 1050 1366 audiunt
1082 1321 1113 1384 p.
1142 1301 1259 1382 39,10.
1296 1301 1364 1381 192,
1387 1303 1415 1363 6.
1479 1327 1480 1338 .

265 1405 337 1481 221,
354 1404 404 1466 22.
422 1404 473 1483 86,
489 1405 507 1465 6
525 1405 633 1484 (atque
649 1400 710 1468 hoo
725 1405 797 1468 loco
812 1423 832 1467 a
847 1402 1094 1480 Metrodoro,
1112 1403 1231 1468 Koerte
1246 1403 1338 1485 frgm.
1354 1403 1415 1477 29).
1479 1395 1480 1398 ’

264 1502 358 1580 Quod
388 1509 424 1568 nt
451 1509 599 1569 accurate
629 1510 818 1584 statuerem,
853 1523 892 1570 co
921 1505 1055 1570 consilio
1086 1524 1217 1587 operam
1248 1503 1339 1581 dedi,
1373 1509 1414 1583 ut,

264 1604 350 1688 quod
373 1625 431 1687 per
453 1625 488 1670 se
511 1605 651 1672 maxime
674 1612 921 1672 consentaneum
943 1604 1023 1670 mihi
1045 1605 1188 1688 videtur,
1212 1606 1308 1671 etiam
1331 1607 1416 1671 testi·

264 1708 379 1773 moniis
396 1726 436 1772 ex
452 1707 523 1790 ipso
539 1705 721 1774 Philodami
744 1707 874 1774 dicendi
891 1727 950 1774 usu
973 1708 1108 1791 sumptis
1131 1706 1300 1772 firmarem.
1334 1708 1415 1772 Nam

264 1810 291 1874 si
321 1809 493 1892 imaginem
523 1810 625 1893 illius,
660 1816 694 1874 ut
715 1811 761 1874 ita
790 1809 912 1892 dicam,
946 1811 1093 1892 genuini,
1125 1829 1219 1892 quem
1248 1810 1339 1875 initio
1363 1809 1414 1873 de·

263 1911 449 1994 scripsimus
465 1917 498 1977 et
512 1913 544 1976 in
561 1911 714 1994 Platonis,
730 1913 922 1994 Aristotelis,
946 1912 1104 1994 imprimis
1119 1911 1269 1978 Isocratis
1291 1912 1415 1994 scriptis
1480 1991 1481 2006 η

263 2014 454 2095 invenimus,
484 2013 648 2098 sophistae
672 2033 744 2080 cum
766 2015 875 2096 specie
898 2015 980 2096 eius,
1007 2015 1062 2096 qui
1085 2013 1171 2096 apud
1194 2011 1415 2079 Philodemum
1480 2021 1481 2024 ’

264 2114 428 2199 sophistae
457 2115 518 2180 tert
539 2135 673 2198 nomen,
697 2135 934 2198 comparamus,
962 2123 1073 2199 patere
1103 2114 1183 2181 mihi
1206 2115 1333 2182 videtur
1360 2136 1413 2180 no·

263 2218 382 2284 tionem
405 2216 568 2300 sophistae
591 2218 679 2302 apud
702 2217 926 2284 Philodemum
949 2219 1223 2300 angustiorem
1248 2224 1280 2283 et
1300 2216 1414 2284 finibus

269 2331 293 2336 -..-
302 2329 468 2336 ——ffl

350 2372 373 2432 1)
393 2367 432 2422 cf.
447 2365 476 2423 αἱ
488 2366 681 2439 potentatui
699 2369 842 2439 διατριβαὶ
857 2383 882 2435 p.
898 2371 954 2430 188,
968 2372 996 2434 9;
1015 2367 1048 2420 dc
1061 2367 1120 2420 aliis
1133 2366 1285 2421 nominibus
1298 2383 1321 2421 r.
1335 2382 1414 2435 supra

264 2469 290 2519 p.
305 2456 353 2507 219
367 2453 429 2507 adn.
445 2457 467 2506 1.
487 2482 519 2490 -
538 2451 614 2505 Unus
627 2455 717 2505 exstat
728 2452 814 2517 locus,
833 2467 886 2519 quc
899 2451 999 2506 firmari
1012 2451 1115 2506 videtur
1131 2452 1231 2506 locutio
1244 2446 1414 2520 σοφιστὴς
1481 2495 1482 2532 ,

262 2533 394 2609 ῥήτωρ,
417 2554 443 2606 p.
460 2541 517 2603 139,
530 2541 559 2604 6,
579 2551 641 2590 nam
659 2554 686 2606 p.
701 2540 759 2604 362,
774 2541 805 2591 12
823 2536 914 2591 nescio
932 2551 968 2591 su
990 2537 1080 2606 potius
1103 2536 1275 2592 scribendum
1293 2541 1352 2592 τῶν
1370 2535 1412 2607 ῥη·
1481 2539 1482 2592 ἰ

262 2618 360 2693 τόριον
378 2625 456 2686 [τῶν]
475 2625 659 2691 σοφιστικῶν.
677 2652 710 2661 -
732 2638 759 2690 p.
775 2625 833 2687 131,
846 2627 879 2676 34
902 2621 1022 2676 occurrit
1044 2621 1146 2676 locutio
1171 2625 1344 2692 σοφισταὶ
1362 2621 1413 2693 ῥη-

262 2711 418 2776 τορικῶν
436 2703 527 2778 λόγον
536 2728 564 2772 ν,
587 2707 659 2776 quod
676 2707 711 2760 ad
730 2707 866 2774 proprium
885 2707 958 2761 uerbi
976 2708 1150 2776 σοφίζεσθαι
1167 2707 1219 2760 vim
1238 2723 1288 2760 nos
1306 2707 1412 2775 relegat,

260 2808 299 2848 sc.
313 2787 475 2861 ‘sapientem
488 2785 556 2847 csse'
574 2793 619 2856 (ci.
633 2792 703 2846 intra
715 2810 740 2862 p.
755 2795 803 2845 215
817 2792 879 2845 adu.
896 2797 920 2857 1)
936 2821 971 2832 -
990 2790 1023 2847 ot
1035 2790 1227 2864 ῥητορικο)
1245 2788 1350 2864 λόγοι
1368 2808 1413 2846 seu

260 2873 385 2947 ἄνδρες
403 2885 430 2931 et
452 2876 486 2933 οὶ
510 2869 548 2933 οὐ
573 2877 762 2949 ῥητορικαὶ
780 2881 803 2932 1..
822 2876 862 2930 vcl
880 2870 907 2932 οἷ.
928 2881 1103 2945 opponuntur
1120 2895 1147 2945 p.
1162 2883 1219 2942 100,
1236 2881 1265 2930 16
1283 2885 1311 2930 et
1329 2881 1411 2942 94,19

261 2963 407 3027 (orationes
430 2963 585 3016 elaboratae
609 2961 754 3016 adustis
778 2961 884 3029 regulas
905 2977 1012 3016 -non
1034 2962 1073 3016 ita
1096 2962 1278 3030 compositae).
1315 2961 1412 3016 Indicia

262 3048 392 3116 quaedem
405 3063 460 3100 non
472 3046 570 3100 desunt
587 3046 658 3100 illius
677 3061 751 3112 usus,
770 3062 823 3115 qno
842 3043 960 3117 ῥήτωρ
979 3053 1005 3099 ut
1022 3047 1073 3100 adi.
1093 3044 1247 3120 ῥητορικὸς
1265 3047 1298 3101 de
1316 3061 1411 3116 prac-

261 3132 330 3186 tico
348 3135 490 3186 oratore
508 3131 616 3199 proprie
633 3131 731 3194 valent,
750 3132 877 3199 opposito
896 3131 1018 3200 sophista
1036 3137 1063 3184 et
1080 3131 1134 3186 adi.
1153 3127 1335 3201 σοφιστικός,
1353 3131 1410 3186 dico

260 3233 287 3284 p.
302 3221 370 3280 88,5
389 3215 494 3286 μηδένα
514 3258 519 3269 .
540 3257 546 3269 .
566 3214 700 3286 γενέσθαι
720 3260 725 3271 .
745 3260 750 3270 .
768 3213 800 3271 ἐν
818 3213 969 3281 τοσούτοις
987 3212 1096 3288 ῥήτορα
1116 3211 1217 3272 ἱκανὸν
1234 3208 1294 3273 α’ττό
1307 3237 1341 3288 ys
1358 3219 1411 3273 cciv

260 3295 521 3372 τεχνολογούνταιν,
539 3317 565 3369 p.
580 3304 620 3364 28,
635 3304 649 3353 2
663 3315 699 3352 tv
712 3305 735 3365 1,
754 3301 800 3353 uhi
818 3299 939 3372 ῥήτορες
957 3304 985 3354 et
1003 3304 1139 3372 σοφισταὶ
1157 3309 1341 3371 opponuntur,
1359 3302 1410 3354 sor·

259 3391 333 3440 tasse
351 3386 432 3440 etiam
449 3402 476 3454 p.
494 3389 579 3450 llus
598 3394 660 3450 τοῖς
677 3381 805 3458 ῥήτορσι,
822 3389 870 3440 καὶ
887 3382 1011 3453 μάλιστα
1029 3394 1091 3451 τοῖς
1109 3394 1269 3456 σοφισταῖς,
1286 3403 1313 3455 p.
1329 3385 1410 3451 81,’26

259 3466 355 3543 λόγων
380 3465 570 3540 πολιτικῶνῆ
591 3469 752 3543 ῥητορικῶν
775 3471 878 3541 τέχνας
901 3470 1047 3535 1Με1ιοά.)
1083 3471 1244 3539 Plerumque
1267 3471 1312 3525 hic
1337 3483 1410 3526 verus

259 3559 352 3610 orator
370 3555 445 3610 audit
465 3548 650 3620 ὃπολιτικός,
667 3569 755 3623 neque
773 3555 827 3609 late
839 3554 960 3624 patuisse
971 3557 1045 3609 hunc
1063 3555 1208 3624 specialem
1226 3555 1299 3610 vocis
1318 3551 1409 3627 ῥήτωρ

259 3657 337 3696 usum
356 3641 557 3696 demonstratur
574 3640 755 3696 locutionibus
773 3640 854 3694 huius
866 3640 985 3707 generis:
1005 3637 1039 3696 ci
1057 3643 1255 3712 πρακτικοὶ
1273 3643 1342 3697 τῶν
1360 3660 1408 3711 ρη-

260 3721 375 3797 τόρων
392 3730 428 3794 (p.
442 3729 506 3790 366,
525 3730 550 3791 6)
568 3729 595 3778 et
613 3723 646 3780 οἳ
670 3728 850 3781 πολιτικοὶ
872 3729 941 3780 τῶν
966 3721 1131 3797 ῥητόρων
1148 3730 1185 3793 tp.
1200 3728 1261 3789 213,
1281 3729 1296 3778 9
1315 3740 1340 3780 e.
1358 3726 1409 3787 21),

257 3811 329 3866 Illud
340 3825 402 3866 vero
421 3817 525 3865 certum
543 3811 616 3880 apud
628 3810 814 3864 Philodemum
833 3826 924 3865 vocem
943 3801 1077 3882 ῥήτωρ,
1095 3809 1291 3878 significantem
1309 3809 1408 3876 magi·

258 3904 366 3950 strum
389 3895 544 3963 dicendi,
568 3911 633 3950 voce
655 3891 793 3966 σοφιστὴς
814 3911 901 3964 paene
924 3911 1037 3964 prorsus
1054 3897 1115 3950 loco
1136 3899 1236 3950 motam
1254 3910 1323 3952 esse.
1359 3894 1408 3948 Oh·

258 3996 348 4038 serres
361 3997 462 4050 quaeso
475 3981 516 4035 rel
527 3982 554 4035 in
568 3981 620 4046 his,
639 3981 710 4048 quod
725 3985 799 4035 totus
812 3981 881 4036 liber
898 3985 1023 4044 testatur,
1042 3997 1059 4035 a
1071 3981 1168 4036 ceteris
1186 3981 1343 4038 rhetoribus
1359 3991 1408 4035 non

259 4067 326 4122 nihil
344 4067 497 4135 discrepare
516 4066 766 4135 Epicureorum
785 4066 990 4134 technologinm.
