2990 4886
221 319 282 378 136
630 319 968 376 Carcinessrandstaetter

218 513 270 579 ep.
287 493 334 558 IX
351 497 383 558 7:
407 488 452 576 μὴ
476 488 554 567 τούς
575 485 732 578 ἠδίστους
754 504 825 567 τοῖς
847 483 1040 570 ἆκοόουσιν,
1066 483 1134 556 ἀλλ’
1161 489 1198 569 ἐξ
1213 483 1259 556 ιόν
1282 484 1375 578 ὠφε-

220 593 358 682 λήσουσι
373 595 428 658 καὶ
444 591 505 670 τὰς
520 591 636 670 πόλεις
657 591 718 670 τὰς
741 591 867 658 ἑαυτιῦν
889 595 945 659 καὶ
967 591 1045 671 τοὺς
1068 590 1188 670 ἄλλους
1206 591 1375 680 Ἕλληνας,

216 706 252 766 et
273 718 323 781 ep.
340 699 368 763 V
385 703 418 762 t:
443 700 688 781 προαιρεῖσθαι
711 695 746 761 δὲ
769 693 828 784 τὴν
851 695 1011 762 παιδείαν
1032 695 1092 782 τὴν
1114 697 1193 780 περὶ
1215 693 1294 772 τοὺς
1317 695 1375 762 λό-
1483 743 1484 746 ,

216 825 313 886 γους,
344 799 394 877 οἷς
429 799 590 886 χρώμεθα
623 801 702 882 περὶ
736 797 797 876 τὰς
832 797 971 881 πράξεις
998 797 1059 876 τὰς
1088 798 1375 884 προσπιπτούσας

218 895 295 968 καθ’
322 899 461 989 ἑκάστην
477 900 535 987 τὴν
557 896 683 986 ἡμέραν
705 902 760 966 καὶ
783 895 859 984 μεθ’
886 895 931 968 ὦν
949 900 1181 985 βουλευόμεθα
1205 904 1284 988 περὶ
1306 905 1374 968 τῶν

216 1007 347 1072 κοινῶν.

305 1110 417 1191 Itaque
433 1128 474 1174 ex
490 1107 649 1190 omuibus,
666 1127 744 1190 quos
761 1107 989 1189 congessimus,
1006 1109 1085 1174 locis
1101 1115 1238 1192 apparet
1253 1129 1373 1191 earum,

129 1283 132 1286 ,
218 1231 300 1294 quas
315 1211 473 1278 Isocrates
489 1209 658 1292 significat,
682 1211 860 1275 orationum
880 1211 1044 1294 proprium
1062 1229 1132 1277 esse
1148 1217 1180 1277 et
1195 1231 1373 1295 commune,

139 1378 142 1387 ,
218 1313 323 1396 quod
353 1319 545 1396 spectant
573 1311 622 1376 ad
646 1331 888 1378 communem
912 1313 1099 1378 civitatis
1123 1314 1213 1379 sive
1243 1315 1373 1380 totius

138 1419 141 1461 ²
218 1415 419 1482 Graeciae
448 1415 724 1496 utilitatem¹);
753 1419 850 1496 atque
879 1414 913 1479 id
942 1416 1143 1498 potissimum
1169 1417 1274 1482 inesse
1295 1424 1373 1499 puto

217 1517 381 1584 adiectivo
401 1512 584 1598 πολιτικὸς,
608 1517 703 1598 quale
726 1515 856 1598 quidem
880 1523 986 1582 exstat
1007 1517 1094 1600 apud
1117 1517 1300 1584 Isocratem.

305 1619 473 1686 Vertemus
502 1619 614 1701 igitur,
645 1619 832 1684 nostratium
856 1619 968 1702 lingua
989 1620 1016 1684 si
1039 1620 1115 1685 licet
1136 1621 1192 1702 uti,
1219 1621 1373 1700 „pemeia-
1483 1657 1484 1662 κ

219 1723 358 1802 ιιϊιιτίρξ
382 1721 468 1805 quod
484 1721 583 1786 multo
599 1721 779 1786 accuratius
802 1721 873 1785 usui
890 1721 1051 1786 Isocrateo
1073 1720 1269 1804 respondere
1291 1719 1372 1786 mihi
1483 1715 1484 1758 ἶ

147 1828 150 1915 J
220 1817 363 1907 uidetur,
393 1843 504 1906 quam,
534 1822 621 1906 quod
644 1822 757 1888 Latine
786 1841 849 1887 nou
879 1823 1070 1888 substituere
1100 1844 1162 1888 uon
1193 1844 1372 1908 possumus,
1483 1827 1484 1882 i

220 1928 411 1994 vocabulum
441 1915 655 1992 ‘civilis'.
700 1925 749 1990 Ac
781 1944 822 1990 ne
855 1931 995 1990 nostrum
1029 1925 1174 2010 quidem,
1210 1926 1297 2009 quod
1326 1933 1374 1993 est
1483 1945 1484 1996 i

220 2027 405 2113 ηγοίιίιὶιοίιο
427 2027 538 2089 Reum
562 2029 615 2093 vel
642 2022 876 2102 „Staatsrede“,
907 2028 1084 2093 sententiae
1106 2029 1225 2110 ubique
1247 2029 1372 2094 satisfa·

219 2151 293 2199 cere
309 2131 501 2197 monendum
518 2137 582 2212 est3
605 2129 639 2194 id
656 2129 740 2194 enim
764 2129 809 2193 ibi
824 2129 926 2194 solum
950 2149 1079 2211 prorsus
1097 2137 1183 2195 recte
1206 2150 1241 2196 se
1265 2129 1372 2214 habet,
1483 2113 1484 2136 ¹

220 2235 275 2301 ubi
305 2234 482 2314 oratioueS,
512 2251 594 2315 quae
625 2230 666 2296 dc
695 2231 914 2296 communibus
942 2230 1137 2298 Graecorum
1165 2233 1260 2298 rebus
1290 2240 1372 2313 sunt,

220 2343 378 2417 notantur,
402 2336 550 2401 volutor.
566 2333 627 2398 XV
644 2335 700 2416 46;
724 2333 854 2397 minime
871 2352 898 2398 e.
916 2354 945 2415 g.
971 2332 1051 2399 haec
1067 2335 1172 2400 versio
1189 2341 1266 2416 apta
1288 2341 1374 2400 esset

219 2440 311 2506 or.II
327 2442 377 2503 51.

306 2541 396 2607 Unus
411 2547 510 2606 restat
524 2540 623 2618 Iocus,
647 2538 698 2604 cui
715 2536 795 2603 haec
810 2538 1030 2620 interpretatio
1046 2557 1109 2602 non
1132 2559 1261 2621 prorsus
1283 2539 1372 2605 vide·

221 2651 271 2710 tur
288 2663 384 2727 posse
400 2640 646 2720 accommodari,
669 2640 815 2704 nimirum
832 2659 876 2705 or.
895 2639 976 2705 XIII
994 2643 1042 2704 19.
1059 2643 1109 2723 20,
1133 2641 1187 2705 ubi
1203 2648 1373 2724 postquam

221 2747 319 2812 dixit:
348 2744 464 2808 λοιποὶ
487 2735 518 2806 δ’
544 2736 622 2826 ἡμῖν
646 2738 730 2805 εἰσιν
760 2739 793 2804 οἱ
822 2737 888 2823 πρὸ
918 2735 1011 2822 ἡμῶν
1033 2738 1204 2824 γενόμενοι
1232 2742 1288 2806 καὶ
1313 2739 1374 2818 τὰς

220 2848 424 2929 καλουμένας
445 2849 560 2926 τέχνας
582 2842 712 2928 γράψαι
734 2842 969 2930 τολμήσαντες,
993 2847 1089 2928 paulo
1112 2851 1186 2928 post
1209 2845 1270 2922 (his
1294 2847 1373 2929 ipsis

221 2949 421 3034 significatis)
446 2949 527 3014 haec
550 2947 642 3013 addit
663 2947 835 3014 Isocrates:
866 2944 984 3011 ἐκεῖνοι
1008 2938 1039 3009 δ’
1067 2944 1124 3011 ἐπὶ
1146 2943 1223 3022 τοὺς
1247 2949 1373 3012 πολι-

221 3048 363 3127 τικοὺς
387 3049 503 3135 λόγους
526 3049 813 3133 παρακαλοῦντες,
839 3041 1062 3132 ἀμελήσαντες
1084 3051 1151 3112 τῶν
1175 3043 1284 3115 ἄλλων
1307 3051 1373 3115 τῶν

221 3153 417 3238 προσόντων
441 3145 553 3228 αὐτοῖς
576 3149 730 3235 ἀγαθῶν,
754 3149 1079 3237 πολυπραγμοσύνης
1100 3153 1155 3215 καὶ
1179 3150 1374 3229 πλεονεξίας

222 3251 413 3342 ὑπέστησαν
437 3250 523 3320 εἶναι
546 3252 742 3319 διδάσκαλοι
763 3256 844 3330 (soil.
869 3256 946 3338 quia
967 3249 1150 3334 ὑπέσχοντο
1175 3252 1374 3332 δικάζεσθαι

222 3356 392 3435 διδάξειν.)
437 3359 473 3423 Iu
496 3363 643 3442 promptu
667 3364 730 3440 est,
754 3358 781 3423 si
804 3358 904 3422 verba
926 3377 1091 3440 urgemus,
1115 3357 1157 3422 ad
1180 3355 1374 3433 πολιτικοὺς

222 3459 338 3546 λόγους
366 3460 526 3543 pertinere
549 3459 646 3524 ctiam
670 3459 830 3524 orationes
860 3458 1029 3525 iudiciales
1052 3459 1105 3524 vel
1134 3459 1240 3542 potius
1263 3459 1304 3525 de
1327 3461 1372 3526 iu·

222 3564 393 3630 dicialibus
422 3562 619 3628 orationibus
648 3562 724 3628 solis
755 3560 836 3626 hanc
870 3561 1063 3626 locutionem
1097 3560 1150 3628 hic
1183 3561 1292 3628 valere
1321 3562 1372 3638 (cf.

222 3663 347 3730 FInckh
364 3663 405 3730 de
420 3669 503 3730 auct.
519 3661 599 3729 rhet.
615 3663 657 3729 ad
673 3664 766 3730 Alex.
785 3666 866 3728 1849
883 3685 913 3748 p.
931 3667 971 3738 7).
1009 3662 1075 3728 Sed
1098 3663 1205 3745 timec,
1229 3682 1270 3730 ne
1293 3662 1373 3730 haec

222 3767 372 3833 Isocratis
395 3765 495 3832 verba
523 3783 670 3848 premere
691 3785 755 3832 uon
783 3766 893 3851 liceat,
926 3766 1002 3848 quia
1029 3765 1127 3848 paulo
1150 3765 1373 3848 neglegentius

308 3919 330 3982 1)
350 3914 391 3971 Cf.
410 3915 505 3972 Dion.
524 3915 595 3970 Hal.
619 3931 646 3984 p.
661 3919 719 3982 535,
737 3919 753 3970 6
771 3918 798 3969 et
816 3919 880 3980 536,
904 3913 967 3968 GR:
991 3913 1082 3984 λέγειν
1104 3917 1153 3970 καί
1177 3905 1315 3986 πρόετειν
1337 3936 1372 3973 τα

222 3995 363 4058 πολιτικοί.
399 4001 450 4055 Ps.
464 4000 549 4056 Plut.
569 4019 591 4056 v.
609 4001 635 4054 X
650 4005 718 4056 orat.
732 4017 759 4070 p.
776 3998 956 4054 toralium:
981 3995 1187 4056 ἐπολιτεύσατο
1211 4003 1260 4056 καί
1282 4000 1373 4073 λέγων

221 4090 269 4144 καί
282 4081 427 4159 πράττων.
450 4086 549 4142 Plato
562 4087 652 4142 Prot.
667 4103 693 4156 p.
707 4089 757 4140 319
771 4086 808 4141 A:
828 4080 864 4142 τὰ
877 4089 926 4156 τῆς
938 4083 1052 4151 πόλεως
1064 4086 1216 4158 λέγεινκαὶ
1228 4084 1373 4157 πράττειν.
