3004 4886
263 324 323 381 198
673 323 786 380 Carolus
804 323 1009 380 Brandstaetter

346 497 414 563 Iam
438 496 674 563 demonstrasse
696 496 777 562 mihi
799 497 922 580 videor,
950 519 1013 581 qna
1036 500 1279 567 ratiocinatione
1302 501 1417 566 ductus

260 600 348 684 apud
371 599 544 666 Cornutum
574 619 748 683 omnesque
778 619 849 683 eos,
880 601 935 684 qni
959 599 1021 668 hoo
1043 603 1196 686 placitum
1221 602 1416 669 rhetoricum

261 709 405 786 exarant,
428 698 604 767 motastada
620 695 718 786 λόγον
733 723 796 769 non
813 722 960 769 censeam
977 705 1010 768 in
1028 705 1210 772 universum
1234 704 1417 788 significare
1482 697 1483 760 ὲ

260 799 436 891 ῥητορικὸν
451 801 557 888 λόγον,
581 805 638 871 sed
655 804 719 870 duo
734 810 856 870 tantum
873 824 993 887 genera
1009 807 1160 890 tertiiqne
1182 813 1308 891 partem
1333 827 1417 873 oom-

261 904 472 990 prehendere.
516 907 607 972 idern
630 906 727 973 video
749 912 863 990 putare
878 907 1094 974 Graevenium
1118 909 1175 974 1.1.
1199 929 1230 992 p.
1248 908 1417 974 XXXVII.

325 1007 564 1075 ‘Menander
582 1009 614 1073 in
629 1013 765 1074 tractatu
789 1008 866 1091 περὶ
891 1005 1120 1074 ἐπιδεικτικῶν
1143 1029 1256 1076 vocem
1281 1009 1417 1074 πολιτι-

261 1107 319 1187 κὸς
340 1111 525 1194 angustiore
548 1131 643 1178 sensu
665 1111 707 1177 de
729 1112 904 1178 contionali
921 1118 953 1178 et
975 1112 1119 1178 iudiciali
1142 1132 1262 1196 genere
1284 1112 1420 1178 adhibet
1483 1125 1484 1144 ¹

262 1213 318 1297 Sp.
341 1214 389 1278 111
412 1215 484 1295 339,
500 1215 538 1276 21
566 1213 628 1291 (W.
650 1213 699 1278 IX
724 1217 812 1296 147),
831 1223 911 1279 'cum
935 1213 1028 1279 dicit:
1054 1205 1243 1299 Ἰσοκράτης
1263 1227 1336 1292 τοῖς
1358 1215 1419 1298 μὲν

261 1308 425 1397 όνόμασιν
449 1312 542 1398 {ayt-a
563 1315 622 1378 τοῦ
646 1315 821 1380 πολιτικοῦ
843 1312 984 1402 καθήκει
1007 1322 1040 1380 et
1061 1337 1092 1399 p.
1110 1319 1181 1398 343,
1202 1322 1236 1380 11
1263 1318 1324 1395 (W.
1346 1323 1418 1396 155)

261 1419 317 1484 καὶ
341 1415 389 1494 εἷς
411 1413 489 1493 τοδς
512 1414 707 1493 πολιτικοὺς
729 1414 767 1482 τδ
793 1420 893 1499 μέρος
914 1419 1013 1481 τοῦτο
1035 1419 1102 1482 τιῦν
1125 1409 1236 1500 ῧμνιον
1257 1419 1417 1506 κατῆλθε,

262 1541 367 1605 neque
389 1521 483 1586 aliter
505 1542 536 1604 p.
554 1523 626 1603 331,
645 1523 683 1585 16
705 1521 767 1597 (W.
786 1522 858 1598 127)
882 1515 921 1594 ἃς
935 1515 997 1605 γὰρ
1021 1516 1201 1597 ἐπιδείξεις
1224 1519 1331 1605 λόγων
1354 1547 1420 1587 πο-

262 1623 396 1687 λιτικῶν
420 1621 453 1687 οἱ
476 1623 638 1706 σοφισταὶ
665 1619 862 1703 καλούμενοι
890 1623 1084 1701 ποιοῦνται,
1113 1623 1254 1708 μελέτην
1284 1616 1419 1709 ἀγώνιον

264 1719 351 1790 εἶναί
374 1747 494 1810 ιγαμεν,
519 1715 577 1788 οἰκ
600 1720 774 1800 ἐπίδειξιν.
819 1724 1089 1806 Disiunotionem,
1112 1744 1208 1808 quam
1232 1726 1310 1792 facit
1333 1727 1419 1794 idem

261 1847 293 1910 p.
310 1831 382 1911 336,
399 1831 439 1893 29
462 1827 523 1901 (W.
550 1831 622 1901 141)
645 1827 728 1892 inter
754 1821 906 1904 ποιητός,
931 1838 1147 1909 συγγραρεῑς,
1179 1825 1417 1913 λογογράφους,

262 1927 470 2014 πολιτικούς,
499 1929 669 2012 intelleges
692 1949 733 1994 cx
755 1928 968 2010 Hermogenis
997 1929 1159 1995 nonnuliis
1190 1931 1270 1996 locis
1294 1930 1363 2015 (Sp.
1386 1933 1418 1997 II

262 2036 335 2115 466,
353 2037 402 2097 10.
426 2037 499 2114 417,
516 2035 566 2096 27.
591 2034 663 2114 424,
687 2034 727 2094 27
743 2059 785 2082 --
800 2031 848 2095 W.
873 2030 920 2094 111
945 2033 1017 2113 375,
1043 2033 1091 2095 18.
1117 2035 1189 2113 391,
1207 2035 1236 2097 8.
1260 2037 1419 2117 4011,19);

262 2142 311 2201 est
333 2136 416 2201 enim
441 2130 628 2208 πολιτικδςε
652 2141 804 2217 orator,
828 2128 971 2217 ῥήτωρ.

347 2238 383 2302 In
399 2238 458 2303 Ps.
474 2235 685 2302 Menandri
698 2239 719 2310 1)
742 2240 879 2300 tractatu
903 2233 970 2318 (Sp.
994 2235 1042 2299 111
1065 2236 1137 2317 399,
1157 2237 1194 2299 16
1214 2235 1264 2301 W.
1281 2237 1327 2302 IX
1345 2239 1421 2316 264)

262 2340 363 2405 verba
384 2341 652 2420 μετεχειρίσαντο
675 2331 712 2400 τὸ
738 2330 827 2410 εἶδος
843 2333 876 2399 oi
897 2333 958 2416 μὲν
977 2328 1151 2414 συντόνως,
1176 2336 1208 2401 οἱ
1226 2335 1262 2402 δὲ
1278 2359 1420 2423 συγγρα-

264 2438 458 2526 φικώτερον,
480 2441 536 2504 καὶ
560 2439 661 2525 δῆλον
684 2429 736 2503 ότι
753 2432 770 2502 δ
790 2436 850 2519 μὲν
874 2435 1030 2514 σύντονος
1053 2440 1300 2523 συνέστραπται
1324 2439 1421 2527 λόγος

263 2534 322 2606 ὅτε
343 2541 525 2616 πολιτικῶς
547 2538 686 2622 προϊών,
709 2541 764 2604 καὶ
788 2537 872 2616 ἕξεις
886 2536 948 2615 τὰς
964 2531 1085 2623 ἀρετὰς
1106 2542 1166 2604 τοῦ
1189 2542 1420 2608 πολιτικοῦ

263 2642 362 2728 λόγου
377 2646 449 2711 usui
470 2643 601 2710 dicendi
617 2643 779 2710 Aristiden
802 2663 932 2727 prorsus
961 2643 1206 2710 accommodata
1228 2664 1300 2713 esse
1322 2667 1421 2731 snpra

263 2746 456 2814 monendum
479 2747 539 2812 init
560 2768 591 2831 p.
611 2749 671 2810 178
693 2745 767 2810 adn.
792 2747 820 2809 2.

350 2850 386 2915 In
409 2847 637 2932 Aphthonii
666 2853 982 2932 progymnasmatom
1012 2847 1200 2913 tractatione
1222 2848 1299 2915 item
1322 2855 1421 2932 atque

263 2951 350 3035 apud
381 2951 650 3034 Hermogenemi)
679 2947 720 3012 τὰ
750 2945 985 3034 διηγήματα
1015 2947 1082 3030 (Sp.
1099 2948 1197 3032 1122,
1214 2953 1243 3014 5.
1270 2949 1422 3030 W.161)

264 3053 488 3135 disiunguntur
510 3053 542 3116 in
566 3047 769 3133 δραματικό,
795 3046 961 3132 ἱστορικά,
985 3047 1197 3114 πολιτικά.
1242 3051 1349 3135 Atque
1374 3061 1424 3120 est

263 3156 394 3238 quidem
417 3153 504 3218 πολ.
535 3146 733 3241 διήγημας
763 3144 791 3237 ᾦ
814 3147 909 3235 παρὰ
931 3147 1009 3227 τοὺς
1039 3143 1201 3235 ἇγιῦνας
1223 3151 1256 3216 οἱ
1284 3151 1424 3238 ῥήτορες

351 3413 375 3472 1)
392 3406 488 3460 Liceat
505 3406 570 3459 mitri
585 3407 637 3460 hac
655 3405 791 3460 locutione
808 3405 858 3471 nti,
877 3419 1039 3473 quamquam
1052 3403 1175 3459 Blassius
1194 3404 1258 3464 (bit.
1273 3405 1422 3462 Centraibl.

265 3493 329 3546 1883
342 3507 369 3559 p.
386 3494 427 3554 28)
446 3505 500 3544 non
513 3490 620 3559 prioris,
639 3491 686 3544 sed
699 3489 856 3558 posterioris
869 3493 1004 3542 tractatus
1017 3492 1156 3543 auctorem
1169 3489 1349 3545 Menandrum
1362 3491 1423 3548 iure

264 3577 397 3647 appellari
416 3581 517 3631 censet.

348 3665 373 3721 2)
392 3661 445 3714 Sed
463 3660 540 3716 deest
557 3660 630 3729 apud
649 3660 835 3728 Aphthoninm
853 3673 918 3728 pars
937 3664 1047 3728 quarta:
1073 3654 1108 3716 ad
1126 3654 1233 3728 μυθικὰ
1253 3659 1423 3734 διηγήματα,

349 3750 374 3812 3)
393 3745 434 3800 (ti.
448 3745 555 3814 Doxop.
567 3745 717 3810 1711261,
728 3749 760 3800 26
772 3744 846 3799 adh.
860 3745 892 3798 l.:
906 3738 940 3799 τὸ
955 3743 984 3800 ‹t'a
996 3739 1155 3810 πολιτικὸν,
1166 3745 1316 3802 τουτέστιν
1327 3745 1360 3804 ἐν
1372 3769 1424 3806 πο·

263 3832 380 3896 inciam
398 3835 558 3903 συμβαῖνον
575 3834 623 3888 καλ
641 3820 664 3908 ᾦ
681 3821 846 3902 κεχρήμεθα
865 3829 1092 3898 πολιτευόμενοι,
1110 3829 1239 3887 τουτέστι
1257 3828 1423 3902 δικάζοντες

262 3913 281 3988 ι’)
298 3911 488 3989 βουλεύοντες
505 3912 523 3988 ἢ
540 3919 787 3989 πανηγυρλζοντες.
824 3909 858 3972 τὸ
879 3915 908 3972 δὲ
926 3907 997 3971 αὐτὸ
1016 3919 1145 3971 καλεῖται
1162 3918 1210 3971 καὶ
1229 3912 1357 3974 πιθανὸν
1374 3923 1422 3975 καλ

262 3995 402 4072 βιωτικδν
413 4005 461 4057 καὶ
477 3997 679 4074 πραγματικὸν
690 4005 738 4058 καὶ
751 3994 895 4057 ἰδιωτικὸν
911 4001 959 4056 καλ
977 3994 1130 4056 δικανικόν.
1167 4000 1278 4054 Brevius
1291 4007 1318 4056 et
1330 4003 1424 4071 aptius

262 4086 300 4141 id.
318 4103 344 4155 p.
360 4090 416 4151 199,
430 4090 476 4141 24ι
502 4087 635 4144 πολιτικὰ
654 4087 785 4159 λέγονται
804 4080 839 4143 τὰ
858 4094 920 4152 τοῖς
941 4089 1099 4150 πολιτικοῖς
1121 4075 1221 4156 λόγοις
1243 4079 1423 4158 ἁρμόζοντα.
