3004 4886
268 324 310 375 De
327 321 468 378 notionum
487 316 635 386 πολιτικὸς
652 327 679 376 et
698 316 835 392 σοφιστὴς
853 335 905 374 nsu
923 319 1068 375 rhetorico.
1179 321 1239 378 239

94 515 185 580 supro
208 497 412 562 exaravimus
428 495 541 562 Dionis
564 494 664 560 verbu
679 490 765 576 πρὸς
780 489 857 568 τοὺς
880 490 1045 578 σοφιστάς
1060 495 1166 558 τεκαὶ
1182 492 1240 578 ῥή-

92 621 187 682 τορας
208 603 266 675 (or.
286 601 323 662 19
339 618 370 681 p.
387 599 459 680 287,
476 600 538 679 31),
562 597 616 662 ubi
632 615 745 662 vocem
763 587 904 680 ῥήτορας
923 615 986 662 non
1001 595 1146 662 additam
1169 617 1240 664 esse

93 702 149 766 nisi
164 701 319 768 ubertatis
342 720 440 766 ceusu
461 699 570 782 liquet.
608 697 764 781 Idemque
779 703 912 764 testatur
928 718 972 766 or.
991 701 1030 764 32
1045 719 1077 782 p.
1094 702 1166 782 413,
1186 703 1239 765 rt:

93 798 150 884 ἐγώ
175 800 211 864 δὲ
233 799 360 865 τούτων
383 797 554 885 ἐμνήσθην
577 792 653 862 οὔτε
670 792 757 879 ἱμάς
779 795 928 880 ἒιιαλρων
952 791 1028 864 σάτε
1049 811 1120 876 τοῖς
1142 797 1241 883 συνή-

93 907 161 980 θοις
178 898 337 984 ὑμνοῦσιν
354 900 436 966 αὐτὰ
460 899 657 986 ῥήτορσιν
674 890 694 986 ἢ
711 913 867 987 ποιηταῖς
890 899 1116 984 παραβάλλων
1140 899 1240 984 ἐμαυ-

91 1004 154 1070 τόν.
199 1004 305 1070 δεινοὶ
327 1001 388 1089 γάρ
418 1001 536 1070 ἐκεῖνοι
561 1004 616 1068 καὶ
643 1001 782 1087 μεγάλοι
810 1008 982 1088 σοφισταί.
1028 1005 1141 1098 ideque
1164 1025 1240 1072 vero

93 1109 202 1176 desunt
229 1109 308 1192 loci,
338 1108 453 1190 quibus
476 1127 541 1173 vox
564 1097 674 1190 ῥήτωρ
696 1127 717 1172 a
738 1126 818 1172 vocc
848 1102 1010 1192 σοφιστὴς
1032 1107 1078 1172 ite
1100 1107 1240 1189 disiungi

93 1211 230 1293 videtur,
260 1211 379 1276 utillo
407 1209 450 1276 ed
479 1217 637 1275 oratorem
666 1229 745 1274 non
773 1210 812 1274 in
841 1209 1053 1290 palaestro
1081 1227 1185 1291 neque
1207 1210 1240 1274 in

92 1313 231 1392 theatris
255 1311 312 1378 sed
335 1313 368 1377 in
391 1313 572 1378 veritate
595 1330 763 1376 causarum
789 1310 1043 1394 iudiciorumque
1066 1311 1239 1376 certamine

93 1417 132 1489 tin
155 1416 194 1480 iis
219 1416 304 1480 enim
329 1414 433 1479 civilis
457 1414 591 1483 oratoris
614 1414 663 1479 vis
687 1414 914 1496 imperatorum
943 1413 1140 1497 temporibus
1170 1414 1239 1496 plu-

92 1518 202 1582 rimum
218 1515 360 1582 habebat
375 1516 448 1598 loci,
465 1517 624 1582 exstinctu
635 1535 738 1598 paene
751 1535 898 1580 verarum
910 1516 1091 1582 contionum
1107 1535 1238 1582 consuc-

92 1619 209 1697 tudine)
228 1624 409 1684 versentem
424 1617 593 1684 referenda
607 1618 657 1698 sit,
675 1617 764 1682 uelut
777 1617 869 1682 Dion.
885 1637 929 1682 or.
949 1621 987 1682 12
1003 1639 1034 1702 p.
1052 1622 1124 1702 217,
1141 1619 1181 1682 24
1196 1618 1240 1682 D:

93 1715 351 1801 ὑπισχνουμένου
374 1713 450 1784 cibe
470 1716 630 1803 μαντικὴν
653 1713 729 1783 οὔτε
752 1717 957 1804 σοφιστικήν,
982 1711 1056 1783 ἀλλ’
1083 1713 1159 1786 οὐδὲ
1182 1719 1240 1806 ῥη-

91 1821 219 1910 τορικήν
242 1847 317 1886 τινα
339 1810 360 1907 ἢ
382 1818 613 1905 κολακευτικὴν
636 1819 775 1902 δύναμιν
797 1822 848 1898 (cf.
873 1841 917 1886 or.
942 1824 982 1886 43
1005 1843 1035 1906 p.
1057 1828 1126 1906 110,
1144 1826 1183 1890 30
1201 1815 1239 1887 οὗ

89 1925 147 2010 γάρ
171 1924 241 2008 εἰμι
271 1921 407 2011 ῥήτωρ),
437 1944 541 2007 neque
571 1925 735 1991 obscurius
765 1944 810 1988 or.
834 1927 874 1988 69
897 1944 927 2007 p.
946 1926 1017 2006 235,
1036 1928 1181 1989 tumui
1200 1946 1240 1984 m

89 2051 117 2114 p.
134 2033 207 2112 236,
227 2033 266 2092 14
289 2025 321 2091 οἱ
344 2024 439 2100 ὅπως
462 2026 566 2092 δεινοὶ
593 2023 728 2102 δόξουσι
751 2026 830 2109 περὶ
853 2021 890 2088 τὸ
916 2022 1024 2089 εἰπεῖν
1047 2023 1080 2090 ἒν
1103 2024 1196 2110 δήμῳ
1219 2017 1240 2111 ἢ

91 2130 291 2216 δικαστηρίῳ
306 2127 366 2216 τὴν
381 2131 495 2192 πᾶσαν
511 2125 661 2212 σπουδὴν
684 2125 811 2208 ’ἔχοντες
828 2133 981 2194 vocantur
997 2119 1140 2214 ῥήτορες,
1165 2131 1239 2196 item

91 2255 131 2300 or.
156 2237 196 2299 80
219 2235 340 2318 p.288‚
359 2235 407 2296 13.

171 2332 1240 2417 Alterumveroinsophistaenaturadefinicndo‚quaiis

90 2439 217 2522 quidem
241 2437 291 2503 his
314 2437 511 2521 temporibus
534 2442 715 2519 comparet,
744 2455 808 2502 non
831 2441 879 2501 est
900 2434 1151 2518 neglegendum:
1175 2443 1238 2503 cte·

90 2543 152 2606 nim
169 2540 203 2605 hi
220 2559 300 2623 quos
316 2546 447 2623 propter
463 2537 705 2621 epidicticurum
728 2539 906 2603 orationum
922 2537 1062 2604 studium
1079 2537 1240 2620 sophistas

90 2663 157 2709 esse
173 2642 355 2726 appellatos
370 2641 667 2722 demonstravimus,
690 2640 785 2705 simui
802 2638 974 2705 docendi
996 2660 1156 2707 munere
1171 2642 1240 2707 fun·

89 2751 213 2826 guntur,
237 2744 325 2808 velut
346 2743 449 2826 ipsum
473 2743 581 2824 gregis
604 2741 727 2820 ducem,
752 2741 908 2824 Nicetem,
932 2742 1117 2824 magistrum
1141 2743 1240 2810 fuisse

90 2845 386 2926 Philostratus,
417 2843 686 2926 locupletissimus
709 2843 815 2923 testis,
838 2842 935 2907 tradit
958 2863 987 2907 v.
1011 2863 1036 2909 s.
1059 2844 1184 2926 121‚3
1208 2854 1241 2911 ct

91 2949 226 3015 Dionem
247 2953 489 3031 praeceptorem
506 2945 683 3012 Phavorini
705 2945 804 3011 tuisse
827 2953 948 3011 certum
968 2951 1073 3012 estex
1090 2945 1238 3013 Philostr.

34 3073 36 3080 ’
91 3070 117 3114 v.
138 3071 163 3118 s.
178 3052 194 3116 Ι
210 3052 240 3132 8,
257 3052 286 3114 2.
331 3047 419 3124 Quas
442 3047 568 3114 scholas
591 3067 662 3114 eum
685 3048 739 3114 vel
761 3048 802 3112 ab
825 3048 1069 3130 imperatoribus
1087 3049 1239 3116 Romanis

91 3151 223 3218 Athenis
239 3156 271 3217 et
286 3151 408 3215 Romae
430 3157 544 3233 postea
558 3151 591 3214 iu
607 3157 726 3215 certam
750 3149 911 3232 quandam
933 3150 1068 3217 formam
1091 3150 1239 3217 redactas

91 3255 280 3336 publiceque
295 3251 533 3318 administratus
550 3270 620 3316 csse
635 3271 729 3316 nemo
745 3251 877 3332 nesciat,
896 3252 973 3318 satis
990 3250 1093 3318 habco
1110 3252 1239 3320 demon·

92 3363 205 3423 strusse
221 3356 319 3421 etiam
334 3356 417 3438 illos,
434 3373 513 3436 quos
529 3353 669 3436 ferimus,
689 3353 809 3435 primos
825 3358 972 3419 auctores
988 3352 1081 3422 huius
1097 3354 1239 3420 familiae

92 3457 264 3524 docendi
280 3475 410 3522 munere
425 3456 551 3522 functos
567 3473 637 3522 csse
656 3473 817 3538 parcoque
840 3455 1030 3520 testimoniis
1047 3455 1087 3520 dc
1103 3457 1238 3539 singuiis

90 3558 324 3642 adscribendis‚
355 3577 437 3640 quac
465 3558 562 3624 facile
584 3577 626 3622 ex
649 3574 840 3638 unaquaque
864 3554 1238 3623 Philostrntearum

91 3663 224 3726 vitarum
255 3666 449 3744 promuntur.
500 3659 668 3742 Proprium
701 3664 808 3724 autem
837 3658 966 3723 maioris
1001 3656 1113 3722 horum
1147 3677 1238 3741 pree·

92 3770 252 3848 ceptorum
267 3762 368 3846 partis
385 3769 442 3844 est,
466 3760 672 3844 quodminus
691 3757 851 3843 regulis
873 3758 1037 3842 docendis,
1061 3779 1157 3842 quam
1173 3761 1238 3825 suis

173 3911 240 3968 Usui
263 3927 318 3966 non
342 3917 384 3966 est
406 3909 609 3966 accommodato
630 3909 774 3978 cxpiicatio
802 3908 907 3962 schol.
931 3908 970 3962 ud
993 3907 1077 3962 Plet.
1102 3909 1239 3963 Phaedr.

92 4011 115 4062 p.
129 4000 176 4051 258
187 3997 220 4052 0:
243 3990 445 4068 λογογράφους
462 3990 584 4051 ἐκάλουν
603 3993 630 4050 οἱ
648 3996 766 4050 παλαιοὶ
789 3988 856 4058 τοὺς
873 3991 919 4049 ἐπὶ
936 3995 1034 4066 μισθῷ
1050 3988 1155 4064 λόγους
1172 3993 1240 4065 γρά-

92 4099 197 4147 φοντας
215 4127 220 4138 .
235 4126 260 4138 ..
279 4077 406 4152 ῥήτορας
423 4081 452 4138 δὲ
470 4081 538 4145 τοὺς
555 4073 592 4134 δι’
612 4077 721 4135 ἑαυτῶν
738 4074 882 4149 λέγοντας.
