2990 4886
252 330 293 386 De
309 330 450 387 notionum
468 326 616 397 πολιτικὸς
633 333 661 386 et
678 350 816 403 σοαιατης
833 348 885 388 usu
902 332 1047 390 rhetorico.
1166 335 1227 392 195

77 503 224 570 Philostr.
249 525 279 569 ν.
302 503 394 588 soph.
417 505 516 587 1120,
535 509 549 567 1
572 496 803 581 Ἀπολλώνιος
824 507 884 570 τοῦ
907 506 1082 572 πολιτικοῦ
1100 505 1228 592 θρόνον

77 601 249 689 προεστώς
264 602 322 670 int
337 603 499 691 ταλάντῳ.
531 606 580 672 De
593 606 770 691 sophistica
784 608 866 674 sella
877 629 909 674 v.
921 611 1055 676 alteram
1071 629 1228 677 commen·

76 709 205 775 tationis
220 715 354 792 partem.
391 709 459 774 Iam
473 708 681 776 adnectamus
696 728 800 792 pauoa
815 710 857 776 de
872 711 1058 779 Philostrati
1074 713 1177 779 amico
1190 715 1227 785 ¹l:

160 811 338 894 Apsines
354 811 551 878 narrationes
568 830 639 878 esse
655 811 735 878 dioit
751 811 819 896 (Sp.
837 814 853 878 Ι
868 817 940 897 353,
960 819 1007 880 10.
1024 814 1073 880 W.
1089 815 1137 880 IX
1154 816 1227 891 494)

77 911 238 996 duplices:
260 909 321 989 τὰς
335 911 396 994 μὲν
412 909 590 999 ἱστορικὰς,
607 905 653 978 ὥν
669 910 756 978 πολὺ
774 909 862 992 είδσς
878 913 912 980 ἒν
929 907 1144 1002 συγγραφαῖς,
1168 913 1229 991 τὰς

78 1012 111 1078 δὲ
127 1006 357 1099 ἀγωνιστικός,
383 1012 454 1080 οἷον
477 1012 571 1100 παρὰ
594 1027 666 1092 τοῖς
688 1016 941 1095 πολιτικοῖς.
987 1016 1121 1084 ἔλθοιεν
1137 1010 1168 1082 δ’
1188 1011 1229 1082 ἄν

78 1140 160 1182 ποτε
175 1117 230 1181 καὶ
249 1115 413 1201 ἱστορικοί
436 1114 522 1202 πρδς
545 1116 729 1184 πολιτικόν.
768 1120 917 1188 Fortasse
940 1142 1003 1188 uon
1026 1141 1178 1203 ortamno,
1201 1122 1228 1188 si

73 1215 270 1296 ,παλιτικαίς
304 1221 492 1305 simpliciter
525 1221 741 1306 intellegimus
781 1222 987 1306 rhetores,
1022 1228 1228 1307 oratores,

78 1323 191 1405 quibus
219 1329 423 1406 opponuntur
451 1322 605 1390 historici.
650 1323 731 1388 Sunt
753 1325 838 1390 enim
860 1361 901 1370 -
925 1325 1011 1408 quud
1033 1325 1134 1392 libere
1157 1345 1228 1409 pro·

77 1423 165 1491 fiteor
187 1460 230 1470 -
253 1426 286 1491 in
308 1425 430 1491 artibus
454 1423 566 1490 horum
596 1431 773 1510 temporum
801 1427 881 1510 looi,
911 1445 1046 1510 quorum
1069 1427 1111 1494 da
1133 1427 1228 1493 inter·

78 1527 254 1610 pretatione
271 1525 420 1594 haesites.
452 1527 566 1592 llidem
583 1525 803 1592 nolentata
820 1525 969 1615 ζήτημα
984 1529 1051 1614 (Sp.
1064 1530 1080 1594 Ι
1092 1531 1164 1614 306,
1177 1532 1228 1595 31.

79 1627 125 1693 W.
148 1629 196 1694 IX
219 1630 294 1705 584)
318 1635 367 1695 est
393 1629 498 1695 civilis
527 1629 596 1696 sive
620 1663 661 1674 -
684 1636 719 1694 nt
741 1629 924 1699 soholiastis
952 1633 1166 1715 obsequamur
1188 1665 1229 1676 -

78 1729 237 1798 rhetorica
259 1731 421 1815 quaestio;
450 1751 485 1797 ra
509 1751 587 1797 vera
609 1731 794 1798 iudicialem
824 1735 943 1818 respioi
966 1754 1007 1800 ex
1030 1735 1093 1801 looi
1117 1740 1231 1802 natura

77 1833 228 1916 sequitur.
769 1883 773 1888 -

159 1935 197 2001 In
210 1955 251 2001 ea
265 1942 357 2018 parto
369 1935 530 2018 Apsineae
546 1936 634 2020 artis,
651 1956 746 2019 quam
759 1935 952 2022 Spengelius
967 1935 1047 2004 rhet.
1061 1938 1114 2004 Gr.
1127 1937 1143 2002 1
1154 1937 1228 2003 adn.

79 2038 143 2102 orit.
159 2037 203 2103 ad
218 2056 250 2121 p.
267 2039 339 2119 405,
358 2041 372 2100 1
391 2036 507 2121 Apsini
527 2038 595 2104 iura
610 2039 754 2122 abrogat,
778 2039 915 2124 legimus
930 2059 962 2123 p.
979 2042 1051 2122 405,
1070 2045 1084 2104 1
1104 2039 1165 2117 (W.
1181 2039 1230 2104 IX
1303 2073 1311 2084 -

80 2141 164 2218 5920:
181 2135 225 2204 τὸ
243 2135 385 2214 πάθος
400 2136 486 2203 πολὺ
502 2137 562 2220 μὲν
579 2137 613 2204 ἐν
629 2138 765 2228 ποιήσει
781 2142 822 2227 τῇ
837 2143 984 2228 τραγικῇ,
1006 2132 1078 2228 ἥξει
1094 2140 1130 2205 δέ
1146 2162 1230 2204 ποτε

79 2242 130 2306 καὶ
146 2239 194 2318 εἷς
210 2237 282 2306 τὸν
305 2238 530 2306 πολιτικὸν
553 2240 685 2327 (λόγον),
708 2245 764 2310 ubi
787 2244 983 2312 confidenter
1002 2251 1093 2311 verto
1113 2237 1159 2309 ‘in
1175 2263 1229 2327 ge·

80 2363 134 2411 nus
150 2345 335 2426 oratorium,
352 2345 384 2410 in
401 2341 588 2428 orationes’3
605 2347 681 2411 item
698 2345 905 2413 iudicandum
920 2367 951 2430 p.
965 2349 1038 2428 406,
1050 2349 1086 2410 31
1107 2346 1168 2424 (W.
1181 2344 1229 2409 IX

81 2449 159 2523 506).
205 2447 350 2530 Utroque
373 2447 444 2513 looo
467 2448 595 2530 poetica
619 2449 799 2532 opponitur.

162 2550 210 2614 Ex
227 2549 376 2634 opposita
393 2551 523 2616 notione
546 2551 778 2635 πανηγυρικῶς
801 2550 997 2634 explicanda
1012 2557 1061 2618 est
1077 2572 1142 2619 vox
1165 2573 1230 2616 πο-

81 2649 217 2728 λιτικῶς,
241 2652 346 2734 qualis
369 2652 529 2718 invonitur
551 2652 585 2717 in
607 2653 768 2736 excerptis
792 2672 833 2718 ex
850 2652 1022 2735 Longini
1044 2659 1113 2720 arta
1135 2655 1229 2722 factis

81 2751 131 2838 Sp.
150 2754 164 2818 1
186 2757 265 2835 323,
288 2756 343 2818 29:
371 2753 554 2829 πολιτικαῖς
577 2751 614 2817 δέ
636 2751 708 2818 ἔστι
730 2753 835 2838 λέγειν
858 2751 895 2819 τὸ
920 2755 1150 2820 πεποικίλθαι
1170 2753 1229 2820 τὸν
1332 2753 1335 2758 ¹

81 2853 171 2939 λόγον
201 2852 415 2939 ἐνθυμήμασι
443 2859 608 2932 πιθανοῖς
635 2856 691 2920 καὶ
720 2849 764 2932 ὡς
792 2848 941 2937 μα’λιστα
971 2848 1227 2935 ἀποδεικτικοῖς,

81 2976 170 3038 quam
193 2959 237 3024 ad
259 2959 365 3024 loonm
389 2958 517 3040 videas,
547 2979 632 3043 quae
654 2979 752 3042 supra
778 2959 918 3026 diximus
942 2958 982 3025 de
1005 2959 1229 3043 Hermogeneo

81 3077 135 3125 usu
156 3081 187 3144 p.
209 3061 266 3126 188
280 3081 326 3144 sq.

161 3163 348 3248 Cornuti,
370 3164 527 3246 aequalis,
550 3170 585 3229 ut
600 3163 737 3248 videtur,
753 3164 894 3248 Apsinis,
918 3165 1076 3248 protiosus
1092 3165 1174 3231 liber
1188 3199 1230 3211 -

83 3262 146 3330 eius
168 3263 253 3330 enim
276 3283 356 3346 esse,
381 3283 463 3348 quae
480 3263 674 3348 Spengelius
695 3266 830 3349 praebet
850 3265 931 3332 rhet.
947 3265 1003 3332 Gr.
1018 3266 1034 3330 I
1050 3269 1229 3348 427-460,

83 3363 156 3429 nihi
171 3365 302 3449 quidem
319 3365 519 3433 Graevenius
530 3368 553 3444 Ι)
568 3368 720 3452 probavit
733 3403 773 3412 —
786 3367 867 3435 haeo
883 3367 982 3435 habet
996 3368 1100 3452 prima
1114 3369 1228 3435 verba:

83 3457 98 3526 ὁ
127 3464 350 3543 πολιτικὸς
380 3459 474 3554 ἤτοι
502 3465 716 3545 δικανικὸς
744 3467 869 3553 λόγος
898 3467 946 3545 εἰς
971 3472 1117 3554 τέσσαρα
1145 3472 1228 3556 μέρη

84 3563 258 3654 διαιρεῖται
279 3565 321 3633 τὰ
345 3573 547 3653 προκείμενα
575 3621 583 3635 .
608 3621 615 3636 .
640 3620 648 3636 .
671 3575 852 3654 προοίμια,
884 3569 1067 3657 διηγήσεις,
1097 3575 1230 3648 πίστεις

85 3663 265 3756 ἐπιλόγους.
309 3671 372 3738 Hio
400 3673 537 3757 primum
567 3674 705 3740 oeourrit
735 3672 815 3740 haee
838 3674 878 3740 de
902 3674 1047 3758 partibus
1076 3674 1229 3741 orationis

84 3769 223 3841 doctrina
248 3775 313 3840 iam
337 3773 457 3840 dudum
486 3782 578 3859 nota,
609 3783 761 3859 quantum
783 3776 826 3842 ad
848 3796 899 3843 res
923 3777 1026 3860 ipsas,
1056 3777 1101 3843 ita
1123 3783 1230 3843 tamen

165 3927 187 3988 1)
205 3923 331 3980 Philostr.
350 3940 374 3980 ν.
394 3925 471 3994 soph.
490 3925 517 3978 Il
536 3929 577 3990 03,
591 3929 615 3979 4.

164 4011 188 4072 Ι)
207 4009 319 4064 Cornuti
337 4009 404 4064 artis
422 4009 491 4066 rhet.
509 4011 573 4080 epit.
593 4010 636 4067 ed.
649 4016 676 4065 et
694 4015 888 4067 commentatus
906 4015 949 4068 est
961 4011 1142 4077 lo.G'raeven‚
1166 4015 1227 4068 48οΙ

84 4101 108 4154 p.
120 4089 355 4151 xxx-xxxlll.

1024 4182 1075 4234 13*
