3004 4886
233 315 294 372 248
646 313 761 368 Carolus
780 312 987 368 Brandctaetter

313 488 381 553 lam
404 487 586 554 accedimus
605 486 647 552 ad
662 506 721 569 par
744 485 824 550 illud
848 484 1073 569 sophistarum,
1097 485 1152 567 qui
1174 483 1400 551 technicis

230 589 321 656 libris
345 589 576 672 componendis
600 608 730 672 operam
753 587 920 670 dederunt,
944 587 1156 652 Arstidem
1173 595 1205 652 et
1220 587 1399 653 Hermo·

230 711 421 876 genAlilouc
437 792 643 858 Aristidis
666 791 797 874 quidem
819 791 1036 857 memorabilis
1058 793 1148 857 locus
1171 798 1277 857 exstat
1299 791 1399 874 apud

231 895 350 978 Speng.
374 896 406 959 II
429 897 500 976 460,
518 897 558 957 24
582 894 643 972 (W.
666 895 714 958 IX
738 897 825 967 343t:
857 889 890 956 ἐν
913 889 964 968 οἷς
987 897 1041 971 (sc.
1066 903 1138 968 τοῖς
1165 905 1297 974 σεμνοῖς
1319 895 1399 955 τῶν

232 993 479 1081 ἐπινοημάτανν)
503 993 519 1060 ὃ
543 999 699 1079 μέγιστος
727 993 876 1070 κίνδυνος
899 991 933 1058 ἐν
955 996 1003 1077 τῴ
1026 995 1191 1078 πολιτικιιῦ
1215 996 1266 1072 (of.
1289 1016 1400 1077 supra

230 1120 262 1181 p.
281 1103 353 1174 177)
377 1096 464 1182 λόγῳ
481 1085 501 1182 ἢ
518 1094 841 1182 ἐπακολουθήσαντα
864 1096 918 1160 καὶ
943 1093 1203 1160 ἐπισπασθέντα
1225 1099 1265 1182 τῇ
1287 1093 1400 1182 φύσει

231 1201 297 1264 τῶν
324 1197 534 1284 ἐννοημάτων
562 1199 618 1263 καὶ
646 1196 813 1274 καθάπαξ
840 1189 1037 1261 ἀποστάντα
1066 1199 1131 1261 τῶν
1159 1192 1399 1279 ὑποκειμένων

233 1301 435 1387 διαφθεῖραι
457 1299 494 1366 τὸ
520 1299 655 1382 δόκιμον
684 1303 743 1365 τοῦ
773 1298 870 1384 λόγον
899 1301 954 1364 καὶ
983 1297 1144 1366 ὑπόκενον
1175 1297 1398 1384 ἐργάσασθαι

231 1405 287 1468 καὶ
319 1403 480 1488 γενέσθαι
514 1401 703 1487 παρόμοιον
736 1415 807 1478 τοῖς
836 1401 1095 1487 μετεωρολόγοις
1107 1407 1128 1482 ¹)
1163 1405 1229 1466 τῶν
1263 1425 1400 1488 σοφι-

233 1508 353 1585 στιῦν,
383 1506 469 1572 unde
498 1508 603 1573 elucet
631 1506 795 1572 vitandam
822 1506 958 1572 Aristidi
986 1507 1092 1572 videri
1121 1508 1253 1572 nimiam
1279 1506 1397 1590 sophi-

233 1619 352 1676 starum
376 1610 604 1674 sublimitatem
627 1610 660 1673 in
683 1610 826 1674 oratione
856 1609 985 1674 veritati
1012 1629 1180 1674 causarum
1208 1629 1398 1675 accommo-

234 1713 319 1778 data.
361 1711 418 1776 Est
433 1711 530 1792 igitur
552 1710 711 1793 quaedam
735 1712 896 1793 oppositio
919 1712 1001 1776 inter
1023 1707 1249 1774 πολιτικὸν
1273 1709 1398 1795 λόγον

233 1812 410 1896 (Aristidco
427 1832 522 1879 sensu
537 1813 669 1890 dictum)
694 1819 725 1878 et
741 1811 1018 1896 sophistarum
1039 1813 1281 1894 orationem,
1305 1833 1413 1896 quae·

235 1936 337 2000 prope
360 1915 487 1981 accedit
508 1914 550 1979 ad
565 1916 654 1979 illam
670 1915 810 1996 Epicuro
833 1915 1032 1980 sollemnem.
1079 1915 1129 1978 Ex
1151 1915 1258 1980 verbis
1281 1925 1396 1981 autem

235 2018 290 2100 Sp.
302 2019 334 2082 II
345 2038 375 2100 p.
394 2018 465 2099 530,
481 2021 519 2079 14
536 2017 597 2090 (W.
613 2017 661 2080 IX
678 2019 751 2092 434)
768 2019 907 2094 Κριτίον
923 2016 1050 2096 μᾶλλον
1066 2009 1083 2079 ὁ
1098 2018 1248 2091 τοιοῦτος
1263 2015 1398 2100 τρόπος

236 2116 346 2194 ἔδοξεν
371 2111 492 2201 εἶναιῆ
514 2140 605 2190 τινος
627 2119 693 2180 τῶν
718 2110 864 2200 ἀρχαίων
887 2119 1060 2204 σοφιστῶν
1083 2119 1299 2201 intellegimus
1322 2121 1392 2192 iam

236 2223 301 2286 illis
316 2221 516 2304 temporibus
532 2220 652 2300 (medio
668 2221 769 2286 altero
786 2221 929 2298 saeculo)
951 2220 1198 2286 disiunctionem
1214 2221 1396 2304 priorum

237 2331 268 2389 et
283 2325 560 2407 posteriorum
577 2321 793 2405 sophistarum
813 2323 906 2388 nobis
921 2323 1029 2388 tritam
1045 2323 1078 2387 in
1094 2343 1153 2388 usu
1168 2323 1277 2405 inisse,
1301 2326 1396 2391 cuius

237 2445 338 2508 usque
360 2425 402 2490 ad
419 2424 594 2490 Aristidem
617 2425 768 2506 equidem
791 2425 943 2508 exempla
964 2426 1073 2491 inveni
1095 2425 1193 2490 nulla.
1238 2425 1320 2492 Puto
1339 2429 1398 2492 vel

238 2529 300 2592 hoc
321 2528 449 2592 silentio
472 2546 530 2608 per
556 2529 719 2592 saeculum
749 2528 816 2592 fere
846 2534 920 2610 post
947 2528 1096 2609 alterius,
1127 2527 1213 2610 quod
1244 2527 1396 2612 dioimns,

238 2629 404 2712 sophistici
433 2630 559 2711 generis
588 2630 729 2694 natalem
758 2630 930 2696 observato
959 2630 1178 2696 commendari
1208 2631 1297 2695 illam
1320 2651 1395 2697 sen-

238 2733 383 2815 tentiam,
411 2751 474 2814 qua
495 2737 643 2814 putemus
666 2752 731 2798 non
754 2733 943 2797 consulto
966 2732 1123 2814 quosdam
1145 2752 1261 2798 nomen
1284 2733 1396 2817 sophi·

238 2840 358 2899 starum
382 2854 454 2899 cnm
476 2834 555 2917 ipsis
577 2835 737 2917 prioribus
760 2833 913 2918 sophistis
937 2836 1129 2900 exstinctum
1151 2835 1194 2899 ad
1217 2835 1323 2900 lucem
1345 2857 1396 2902 re-

238 2956 371 3002 vocasse
401 2936 527 3018 sibique
556 2935 726 3019 ascivisse,
760 2943 794 3001 ut
824 2937 915 3020 quasi
946 2938 1009 3019 ipsi
1037 2937 1177 3001 redivivi
1209 2936 1399 3002 viderentur

239 3038 389 3121 Gorgiae,
412 3037 619 3118 Protagorae,
642 3037 799 3120 Hippiae;
824 3038 952 3120 quade
975 3039 1134 3104 sententia
1148 3039 1182 3103 in
1204 3037 1267 3104 fine
1290 3040 1397 3105 libelli

239 3140 441 3204 accuratiora
462 3138 614 3202 addenda
637 3146 737 3204 erunt.
782 3141 895 3222 Neque
918 3139 989 3222 hoc,
1014 3141 1099 3223 quod
1116 3141 1157 3205 de
1179 3141 1339 3222 prioribus
1364 3151 1398 3207 et

238 3241 470 3324 posterioribus
494 3239 646 3322 sophistis
669 3241 710 3306 ah
726 3241 868 3306 Aristide
891 3241 1010 3308 diserte
1035 3241 1202 3307 disiunctis
1225 3242 1322 3308 modo
1346 3243 1395 3308 di·

240 3343 356 3423 ximus,
380 3340 456 3406 inde
479 3343 672 3426 infringitur,
695 3342 782 3424 quod
797 3343 966 3426 Aristides,
989 3344 1043 3409 ubi
1065 3343 1108 3408 ad
1124 3344 1273 3410 Isocratis
1296 3345 1395 3410 inor.

240 3445 301 3510 XV
325 3445 492 3527 exemplar
520 3446 649 3527 ipsese
675 3444 820 3510 defendit
830 3449 871 3527 ²),
901 3452 1021 3510 temere
1050 3453 1176 3511 veteres
1199 3452 1231 3510 et
1253 3446 1397 3512 iuniores

241 3545 402 3630 sophistas
431 3547 513 3611 inter
539 3566 574 3612 se
597 3546 642 3610 ita
665 3552 855 3628 commutat,
884 3552 920 3610 nt
942 3547 1006 3611 illis
1034 3545 1174 3612 delensis
1197 3565 1237 3612 se
1267 3566 1396 3630 quoque

240 3655 411 3732 purgatum
427 3655 564 3714 censeat.
604 3647 791 3713 Cavendum
808 3649 891 3712 enim
908 3655 965 3729 est,
988 3667 1029 3712 ne
1045 3649 1162 3714 talibus
1177 3647 1397 3716 hariolationi·

331 3819 354 3880 1)
372 3814 488 3868 Locutio
502 3813 610 3881 saepius
624 3813 656 3866 de
669 3813 798 3880 sophistis
816 3813 896 3867 nimis
914 3814 1073 3869 sublimibus
1092 3815 1201 3878 usitata,
1220 3815 1293 3869 velut
1305 3834 1333 3871 π.
1346 3807 1397 3888 {ipa

242 3905 294 3957 σ.3
313 3917 340 3968 p.
355 3905 379 3964 5,
394 3899 467 3952 15V:
488 3895 558 3954 όνια
578 3891 629 3968 οὐχ
647 3892 751 3969 ὑψηλά,
769 3891 840 3956 cilici
860 3899 1000 3972 μετέωρα.

328 3989 354 4051 2)
366 3984 449 4038 Arist.
462 4003 490 4038 π.
504 3978 707 4056 gloriositate
720 3989 778 4040 τῶν
790 4004 864 4041 τεττ.
875 4003 901 4040 n.
912 3990 1014 4039 45-46
1023 3985 1057 4040 D.
1071 3989 1108 4040 to.
1119 3984 1147 4038 II
1158 4001 1185 4053 p.
1198 3989 1306 4049 1-414,
1319 3985 1398 4052 impr.

242 4090 269 4142 p,
284 4074 334 4124 406
343 4086 401 4138 sqq.
421 4069 456 4123 ci.
476 4068 623 4134 Banmgart
640 4070 659 4122 l.
677 4069 695 4124 l.
715 4085 741 4136 p.
755 4073 864 4126 25-30.
