2990 4886
224 305 285 362 170
634 305 748 360 Carolus
766 303 972 360 Brendsteettcr

223 477 323 562 (quod
345 478 535 562 singulare),
569 485 625 544 aut
653 479 833 546 contionale
863 485 896 545 et
924 478 1076 545 iudiciale
1104 477 1382 562 comprehendere
1472 559 1473 582 Χ

222 580 372 647 vidimus.
418 579 556 659 Quibus,
590 601 631 648 ne
661 582 833 648 artioribus
865 580 948 648 banc
977 583 1138 648 notionem
1172 580 1288 647 finibus
1318 583 1382 648 cir·
1472 599 1473 644 3

223 683 490 765 cumscribamus,
527 683 654 748 tertium
692 684 766 749 ilico
803 682 1003 768 addendum,
1043 683 1202 750 interdum
1243 683 1382 748 πολιτι-

223 783 300 860 κοὺς
326 782 443 868 λόγους
471 785 630 868 appellari
660 786 756 850 etiam
786 805 841 852 cas
869 787 1045 869 orationes,
1074 806 1157 870 qnae
1185 805 1243 870 per
1272 806 1306 852 se
1335 787 1383 852 ad

223 908 324 972 genus
351 887 636 954 demonstrativum
658 889 855 970 pertinentes
878 895 985 954 tamen
1009 895 1041 956 et
1062 889 1158 955 rebus
1181 889 1324 956 tractatis
1347 896 1385 955 et
1473 943 1474 946 η

224 991 321 1056 totius
345 990 498 1056 orationis
521 989 633 1056 habitu
656 991 805 1058 civilibus
835 992 1031 1058 orationibus
1060 993 1193 1074 propius
1222 993 1385 1059 accedunt

223 1112 328 1175 neque
350 1112 422 1158 raro
444 1093 498 1158 vel
521 1091 658 1158 eundem
680 1113 801 1176 paene,
826 1113 921 1177 quem
944 1094 1035 1176 illue,
1058 1093 1154 1160 finem
1177 1095 1239 1160 sibi
1261 1115 1381 1179 propo-

224 1201 356 1262 suerunt
369 1198 404 1278 1),
436 1201 547 1277 utpote
569 1215 631 1262 non
650 1195 692 1260 ad
715 1197 792 1262 artis
816 1196 1121 1263 demonstrationem
1144 1198 1245 1262 solam
1269 1205 1301 1264 et
1324 1197 1383 1264 de-

224 1297 438 1380 lectationem,
461 1297 519 1364 sed
534 1296 577 1362 ad
593 1298 680 1363 vitae
696 1299 866 1364 utilitatem
889 1299 1095 1382 compositae.
1141 1298 1239 1365 Cuius
1262 1299 1383 1366 indolis

225 1407 273 1466 est
299 1401 405 1483 locor,
436 1420 499 1482 quo
522 1399 666 1466 Platonis
689 1401 755 1466 stili
778 1420 912 1466 censura
934 1402 1078 1467 instituta
1101 1401 1181 1467 haec
1204 1402 1383 1485 Dionysius

226 1502 305 1568 dicit
326 1505 543 1585 (p.1027,6):
566 1498 743 1585 κράτιστος
766 1500 802 1566 δὲ
825 1499 962 1566 πάντων
985 1503 1052 1567 τῶν
1074 1503 1257 1569 πολιτικῶν
1273 1503 1383 1580 (Πλά-

225 1607 342 1680 τωνος)
368 1600 474 1686 λόγων
489 1598 506 1667 ὁ
524 1602 719 1683 Μενέξενος,
742 1602 775 1669 ἐν
791 1596 819 1688 ᾦ
835 1601 893 1668 τόν
910 1602 1093 1692 ἐπιτάφιον
1109 1603 1312 1690 διεξέρχεται
1328 1604 1383 1670 λό-
1475 1592 1476 1620 ¹

225 1708 322 1790 γυνθ)
347 1705 447 1772 Vides
458 1724 479 1768 a
490 1703 647 1787 Dionysio
664 1703 881 1770 laudationem
893 1704 1070 1788 funebrem,
1087 1724 1169 1787 quae
1182 1703 1268 1770 hand
1281 1705 1383 1770 dubie

226 1810 353 1894 generis
369 1815 418 1874 est
433 1807 596 1889 epidictici
607 1804 641 1887 ³),
664 1807 822 1889 appellari
838 1803 1013 1872 πολιτικὸν
1036 1805 1143 1891 λόγον,
1167 1807 1253 1892 quod
1268 1808 1384 1876 adnm·

226 1914 335 1978 bratus
358 1930 399 1977 ex
422 1916 513 1995 parte
528 1931 559 1994 p.
580 1912 706 1991 1025,9
730 1905 764 1972 ἐν
787 1906 838 1985 οίς
861 1898 901 1974 ὃν
925 1908 973 1984 εἷς
995 1909 1172 1986 πολιτικὰς
1194 1905 1384 1987 ὑποθέσεις

227 2014 407 2096 συγκαθεὶς
433 2009 579 2095 ἐγκώμια
600 2012 656 2076 καὶ
680 2008 816 2094 ψόγους,
840 2016 1037 2097 κατηγορίας
1058 2035 1095 2076 τε
1116 2014 1171 2077 καὶ
1196 2005 1384 2096 ἀπολογίας

227 2113 378 2200 ἐπιχειρῇ
399 2111 541 2198 γράφειν
563 2113 631 2176 κτλ.
655 2114 705 2191 (cf.
721 2133 753 2195 p.
772 2115 864 2196 1050,
881 2116 921 2190 8).
965 2115 1079 2198 Neque
1102 2115 1206 2197 aliter,
1234 2115 1382 2180 simodo

227 2239 290 2283 non
306 2224 426 2282 temere
441 2223 604 2283 auctorem
626 2216 747 2281 dixisse
769 2223 928 2299 putamus,
952 2217 1170 2298 intellegenda
1185 2217 1286 2282 verba
1307 2217 1384 2283 libri

228 2344 264 2383 π.
287 2345 361 2400 prpe.
384 2319 417 2384 ΙΙ
438 2319 592 2401 (Usener,
619 2319 712 2400 frgm.
728 2316 789 2380 VII
814 2337 845 2400 p.
864 2321 913 2400 31,
931 2320 977 2395 5):
1007 2319 1140 2400 πρῶτος
1167 2315 1231 2402 γὰρ
1259 2315 1384 2394 ἐκεῖνος

228 2427 282 2501 (sc.
308 2425 461 2506 Γοργίας)
482 2416 542 2505 τὴν
565 2414 741 2504 ποιητικὴν
762 2418 817 2482 καὶ
847 2416 1092 2506 διθυραμβικὴν
1123 2418 1211 2496 λέξιν
1235 2418 1282 2496 εἰς
1304 2418 1384 2497 τούς

229 2519 423 2598 πολιτικοὺς
446 2520 611 2607 εἰσήνεγκε
634 2517 759 2603 λόγους,
783 2521 932 2586 nimirum
955 2522 988 2586 in
1004 2523 1165 2588 orationes
1187 2524 1260 2590 illas
1276 2542 1383 2606 neque

228 2627 341 2692 civiles
363 2645 493 2708 prorsus
513 2643 617 2707 neque
641 2623 917 2705 demonstrativas,
942 2625 1031 2689 velut
1052 2623 1263 2708 epitaphium,
1287 2625 1382 2691 Eleo·

227 2749 296 2793 rum
312 2727 541 2808 laudationem,
558 2725 772 2810 Olympicum,
789 2724 970 2808 Pythicum,
988 2727 1074 2808 quod
1090 2746 1191 2808 genus
1210 2727 1382 2810 postmodo

227 2831 384 2898 Isocrates
395 2834 417 2907 ⁴)
433 2830 532 2896 coluit
543 2835 575 2894 et
586 2829 707 2912 primns
720 2828 856 2894 coluisse
869 2847 1039 2910 perperam
1050 2829 1091 2894 ab
1104 2829 1384 2896 Halioamassensi

316 3053 339 3114 1)
359 3049 400 3102 Cf.
413 3047 501 3101 Nicol.
515 3046 592 3115 soph.
606 3045 652 3113 Sp.
666 3045 707 3098 ΙΙΙ
719 3049 778 3110 484,
792 3048 823 3099 13
834 3060 891 3114 sqq.

317 3139 341 3199 2)
359 3133 432 3187 Data
444 3132 588 3186 occasione
599 3145 695 3184 moneo
713 3130 765 3184 hac
783 3145 844 3198 pag.
863 3129 927 3184 edit.
940 3129 1033 3184 Reislr.
1046 3130 1093 3185 lin.
1108 3135 1122 3184 2
1134 3147 1185 3200 pro
1202 3132 1291 3190 verbis
1304 3125 1385 3200 ‘nior'-

229 3238 346 3277 οτωσαν
357 3221 405 3273 καί
418 3212 514 3273 αὐταί
527 3216 697 3270 scribendum
710 3209 980 3285 esse‘oipelotloroav
991 3218 1040 3271 καὶ
1052 3206 1152 3281 αὗταί,
1165 3217 1226 3272 coll.
1239 3233 1265 3285 p.
1279 3219 1354 3279 1042,
1369 3223 1384 3270 5

229 3300 302 3376 πλὴν
313 3299 447 3374 ἀφείσθω
465 3305 513 3358 καὶ
524 3305 610 3358 τοῦτο
621 3301 690 3355 etde
701 3316 787 3368 comp.
800 3317 824 3354 r.
837 3317 864 3368 p.
878 3303 936 3364 382,
947 3305 962 3352 5
976 3299 1038 3356 Sch.
1049 3293 1183 3371 dorstado
1192 3295 1208 3372 ἢ
1218 3304 1283 3374 περὶ
1292 3305 1384 3358 ταῦτα

229 3392 338 3464 σκέψις.
378 3391 411 3444 In
429 3390 529 3444 talibus
546 3388 669 3444 formulis
687 3388 783 3442 mirum
806 3394 937 3456 qnantum
956 3386 1008 3441 sibi
1033 3389 1140 3442 constat
1157 3387 1319 3456 Dionysium
1346 3387 1383 3440 cl.

229 3483 371 3546 praeterea
388 3476 500 3529 Aristot.
520 3490 565 3528 ars
584 3482 656 3543 poet.
670 3491 697 3542 p.
712 3473 791 3528 14561
808 3477 847 3527 18.
865 3472 944 3527 Plato
962 3473 1040 3541 soph.
1054 3489 1080 3541 p.
1094 3477 1142 3528 261
1153 3472 1185 3526 Β.
1204 3471 1309 3527 Philod.
1329 3472 1383 3528 vol.

230 3563 298 3617 rhet.
312 3579 339 3631 p.
352 3566 394 3626 10,
409 3565 440 3614 15
459 3566 485 3614 et
505 3565 535 3614 19
554 3559 637 3614 Sudh.
650 3559 779 3614 Philostr.
792 3576 815 3612 r.
829 3558 906 3626 soph.
917 3558 931 3612 1
944 3561 985 3621 11,
998 3563 1023 3611 4.

317 3653 343 3713 3)
361 3647 403 3700 De
421 3645 551 3716 epitaphii
568 3644 681 3714 ancipiti
698 3649 797 3700 natura
815 3643 851 3702 cf.
863 3643 908 3698 Pe.
922 3643 1001 3697 Dion.
1015 3659 1060 3698 ars
1072 3644 1141 3699 rhet.
1154 3659 1181 3711 p.
1195 3647 1253 3710 191,
1266 3642 1325 3698 SR.

316 3737 342 3796 4)
361 3733 521 3800 Bigenerum
538 3730 635 3785 harum
653 3729 807 3785 orationum
825 3731 1010 3784 characterem
1033 3729 1086 3782 iam
1104 3734 1210 3782 veteres
1227 3733 1301 3782 recte
1323 3741 1384 3796 per·

231 3818 352 3888 spexisse
365 3818 550 3871 demonstrant
561 3821 670 3885 praeter
682 3815 771 3884 ipsum
788 3816 937 3870 Isocratem
949 3819 998 3879 tor.
1011 3813 1050 3868 IV
1063 3819 1102 3878 11,
1117 3817 1157 3878 19)
1170 3812 1224 3868 Cic.
1235 3828 1275 3868 or.
1288 3817 1328 3878 11,
1341 3817 1383 3876 31,

230 3904 412 3972 Quintilianus
428 3903 490 3956 inst.
508 3901 587 3967 1114,
600 3906 639 3968 14,
652 3901 835 3970 Hermogenes
849 3900 894 3970 Sp.
905 3900 1001 3966 11429,
1011 3899 1157 3966 24thss
1167 3903 1236 3965 395),
1253 3897 1382 3954 Philostr.

229 4007 254 4044 v.
264 3989 342 4058 soph.
352 3987 365 4041 1
376 3993 400 4054 9,
411 3991 434 4054 2,
444 3987 489 4043 Ρε.
499 3987 570 4042 Plnt.
580 4004 604 4042 v.
615 3985 641 4040 X
651 3993 721 4042 orat.
731 4003 758 4055 p.
770 3990 835 4042 1020
845 3985 961 4054 Dnebn,
971 3985 1016 4042 Ps.
1026 3986 1106 4042 Dion.
1117 4001 1163 4040 ars
1173 3984 1241 4039 rhet.
1252 4000 1280 4054 p.
1292 3983 1382 4049 357R‚

229 4075 318 4132 Nicol.
332 4075 407 4144 soph.
421 4073 468 4142 Sp.
480 4072 521 4126 Ill
535 4078 593 4139 418,
608 4079 647 4130 11.
668 4077 727 4141 484,
743 4077 772 4128 13
782 4087 840 4140 sqq.
