2990 4886
298 325 339 380 De
357 326 497 380 notionum
516 319 664 390 πολιτικὸς
681 327 709 380 et
726 319 864 396 σοφιστὴς
881 339 933 380 usu
950 323 1095 379 rhetorico.
1211 324 1272 382 173

115 499 205 565 illius
234 518 348 565 sonum
379 499 448 564 sive
482 497 719 564 vehementiam
753 498 823 564 sive
855 497 1068 563 astrictiorem
1102 517 1207 563 rerum
1243 503 1275 563 et

116 601 290 666 verborum
326 598 644 684 comprehensionem
672 600 742 665 sive
772 600 895 680 omnia,
930 619 1012 682 quae
1042 601 1111 665 eius
1143 600 1274 683 propria

116 708 208 784 sunt;
239 701 325 785 quod
349 701 588 768 commendatur
611 701 718 767 verbis
741 700 782 766 de
804 701 908 767 Iliade
931 701 1025 768 dictis
1049 700 1138 778 (ibid.
1162 722 1192 766 v.
1212 703 1273 783 ll),

113 798 182 871 ‘eui
194 794 273 868 ὅλον
283 801 321 868 τὸ
337 800 506 885 σωμάτιον
519 799 721 887 δραματικὸν
732 796 944 888 ὑπεστήσατο
956 803 1011 867 καὶ
1028 799 1154 887 ἑναγώ
1164 828 1181 867 ν
1190 794 1270 868 too.2

118 907 196 971 Vult
218 906 334 990 igitur,
364 907 391 972 si
414 907 574 988 ingeniosi
596 905 760 988 scriptoris
783 925 916 971 acumen
940 925 1109 989 assequor,
1138 905 1274 971 eandem

117 1007 334 1074 differentiam
365 1027 435 1074 esse
465 1009 547 1072 inter
569 1006 703 1073 Iliadem
728 1013 761 1072 et
783 1006 979 1091 Odysseam,
1011 1027 1094 1091 quae
1121 1015 1169 1074 est
1191 1009 1273 1074 inter

117 1111 217 1176 civile
233 1116 265 1176 et
287 1109 482 1176 cotidianum
507 1109 636 1176 dicendi
658 1129 768 1194 genus.
792 1145 833 1154 -
857 1108 995 1187 Quartus
1017 1112 1106 1177 locus
1129 1110 1272 1176 eiusdem

117 1219 272 1278 tractatus
301 1233 365 1279 nou
394 1214 439 1277 ita
467 1212 508 1278 ad
538 1217 678 1279 nostram
707 1232 774 1280 rem
804 1213 894 1294 facit,
924 1212 997 1280 dico
1027 1233 1054 1278 c.
1077 1212 1229 1294 XXXIV,
1254 1215 1273 1276 2

117 1322 162 1399 (p.
181 1319 230 1401 53,
248 1316 349 1399 6V.),
372 1315 428 1380 uhi
451 1308 468 1378 o‘
492 1312 617 1400 μυκτὴρ
641 1311 980 1390 πολιτικώτατος
1003 1314 1179 1398 Hyperidi!
1203 1335 1272 1381 ora-

117 1420 260 1485 tionibus
282 1419 388 1486 inesse
411 1417 537 1499 dicitur,
561 1419 582 1483 i.
598 1438 625 1484 e.
650 1419 828 1483 urbanae
851 1415 987 1484 facetiae
1010 1418 1060 1491 (cf.
1078 1418 1120 1482 ib.
1137 1437 1167 1500 p.
1185 1419 1271 1498 54,3

116 1523 207 1605 Appi.
232 1519 317 1586 ἔνθα
341 1513 474 1596 αἰοτεῖος
497 1514 583 1584 εἶναι
605 1517 806 1602 βιάζεται).1)

206 1624 280 1690 Dio
311 1623 447 1706 Chrys
478 1644 522 1689 or.
540 1626 579 1686 52
603 1643 634 1706 p.
660 1625 735 1704 159,
762 1625 800 1686 16
821 1623 861 1686 D.
885 1620 1148 1702 πολιτικιοτέραν
1177 1629 1273 1688 vocat

118 1725 284 1809 Euripidis
318 1727 474 1790 rationem
508 1723 681 1791 inducendi
715 1723 804 1790 chori
840 1725 1034 1807 (oppositam
1069 1723 1271 1808 Aeschyleae

117 1822 212 1912 duty*
227 1833 383 1911 vocatae),
407 1827 483 1910 quia
505 1832 539 1891 ut
562 1829 594 1890 in
617 1827 707 1892 civili
726 1827 870 1892 oratione
887 1845 958 1891 enm
976 1833 1109 1892 excusat
1131 1847 1271 1893 omnem·

117 1951 199 2014 que,
230 1951 326 2014 quam
356 1929 519 1996 auditores
549 1948 664 2011 capere
693 1935 840 2012 possunt,
870 1927 1079 1994 offensionem
1113 1928 1272 1994 subtiliter

118 2025 368 2117 (deceptumque
397 2053 428 2098 v.
454 2033 504 2108 17)
539 2033 728 2096 submovere
764 2029 885 2112 studet,
921 2030 1090 2114 repudiata
1123 2031 1271 2097 libertate

114 2129 312 2220 ‘poetiea'.

206 2236 427 2304 Plutarcho
462 2235 547 2318 quod
575 2255 640 2300 vox
670 2231 844 2309 πολιτικὸς
871 2235 1058 2318 plerumque
1087 2237 1175 2300 valet
1201 2229 1271 2301 ‘hu-

118 2359 248 2422 manus,
279 2340 311 2404 in
334 2340 422 2405 cives
444 2328 595 2404 liberalis'
623 2337 728 2416 (Num.
741 2329 779 2402 c.
796 2338 824 2401 3.
847 2337 944 2403 Marc.
961 2357 988 2402 c.
1007 2340 1056 2402 20.
1080 2336 1146 2403 Sul.
1164 2359 1190 2403 c.
1209 2342 1271 2420 30),

207 2563 232 2623 1)
250 2558 329 2610 Hunc
346 2572 433 2621 usum,
453 2569 530 2622 quem
548 2555 713 2610 rhetoricum
729 2553 790 2608 iure
807 2569 861 2606 non
880 2554 1072 2623 appellareris,
1096 2570 1129 2610 ex
1146 2556 1271 2612 instituto

119 2644 185 2698 mihi
198 2659 252 2696 non
264 2641 397 2710 proposui
408 2640 588 2695 tractandum.
617 2640 715 2708 Aliqua
727 2639 841 2707 praebet
852 2638 996 2694 Ernestius
1015 2656 1036 2694 s.
1050 2657 1074 2694 v.
1089 2644 1124 2710 (p.
1139 2645 1206 2707 281),
1225 2642 1272 2710 qui

117 2731 176 2798 ipse
195 2725 301 2796 qnoque
319 2727 352 2780 ad
370 2727 439 2780 hacc
457 2727 528 2780 Mori
545 2725 627 2779 verba
640 2719 683 2778 ‘ut
701 2725 767 2778 satis
786 2719 905 2792 copiosa’
923 2731 1065 2792 provocat,
1089 2741 1159 2793 quae
1176 2726 1271 2780 Morus

117 2811 224 2868 addidit
240 2815 275 2866 ad
287 2812 330 2866 Ps.
345 2813 430 2879 Long.
449 2831 478 2866 π.
491 2802 540 2883 dp.
555 2827 579 2864 c.
592 2809 710 2864 XXXIV
723 2814 752 2863 2:
767 2803 1005 2876 (πολιτικώτατος
1023 2827 1077 2864 non
1094 2815 1150 2864 tam
1167 2811 1270 2866 rustico

118 2898 267 2968 opponitur
288 2902 354 2964 (tum
373 2898 442 2950 enim
460 2896 517 2951 lere
535 2890 650 2962 αότεῖος
668 2895 781 2962 dicunt),
807 2910 887 2964 quam
905 2901 936 2950 ut
953 2897 1065 2949 latinum
1084 2896 1169 2951 civilis
1187 2897 1220 2950 de
1239 2913 1270 2952 eo

119 2987 278 3052 usurpatur,
297 2983 342 3050 qui
354 2987 513 3036 conservata
531 2981 666 3055 ἰσονομίᾳ
683 2981 822 3048 aequalem
835 2997 865 3036 se
882 2982 1081 3050 humanumque
1098 2997 1161 3049 erga
1178 2997 1271 3036 omnes

116 3069 195 3137 gerit,
213 3067 240 3120 in
259 3081 313 3134 qua
325 3065 395 3122 ritae
407 3067 514 3120 ratione
527 3067 639 3121 comitas
652 3071 679 3120 et
696 3065 814 3120 facilitas
826 3067 979 3122 necessaria
997 3072 1052 3120 est:
1072 3067 1143 3120 uude
1159 3067 1270 3120 uerbum

118 3155 156 3208 ad
168 3166 255 3206 mores
268 3151 363 3205 faciles
376 3155 402 3204 et
413 3153 550 3218 elegantes
561 3146 742 3206 transfertur'.
778 3152 837 3220 Quo
849 3153 1024 3206 fundamento
1037 3153 1112 3208 nisus
1124 3156 1180 3206 tam
1192 3153 1271 3220 louge

117 3241 191 3292 hane
203 3235 378 3292 artificiosam
390 3236 595 3304 explicationem
609 3241 722 3305 repetat,
741 3252 784 3290 me
801 3238 907 3304 quidem
925 3237 1001 3304 fugit.
1038 3238 1106 3292 Mihi
1124 3236 1272 3306 πολιτικὸς

116 3322 261 3392 oppositus
279 3320 384 3374 uidetur
401 3325 444 3394 τῷ
462 3313 601 3394 ἀγροίκῳ,
623 3321 686 3374 inde
704 3321 832 3376 facillime
850 3323 938 3375 omnia
956 3323 1143 3391 explanantur.
1181 3325 1221 3379 Of.
1235 3327 1269 3380 D.

117 3410 181 3464 Har.
194 3425 221 3476 p.
234 3409 298 3473 ott,
320 3405 384 3458 ruR
402 3404 436 3462 τὸ
460 3403 601 3478 ἄγροικον
625 3411 707 3475 σῶμα
724 3410 776 3462 τοῦ
798 3412 970 3464 πολιτικοῦ.
991 3449 997 3462 .
1017 3451 1023 3466 .
1042 3406 1192 3482 διήνεγκεν.
1227 3412 1271 3466 Ad

119 3492 240 3548 Ernestii
258 3488 381 3556 exempla
398 3489 467 3544 addo
486 3499 627 3558 praetcrea
638 3492 709 3546 Plut.
723 3506 788 3546 mor.
802 3508 827 3560 p.
842 3495 873 3546 88
884 3494 916 3544 A.
931 3497 980 3548 810
992 3493 1022 3548 B.
1059 3495 1161 3550 Euseb.
1174 3511 1215 3564 pr.
1230 3513 1269 3553 ev.

118 3578 201 3632 Dind.
214 3575 253 3630 lX
266 3579 307 3638 22,
318 3579 342 3628 8.
379 3574 461 3642 Fugit
472 3575 522 3630 hos
534 3577 605 3629 uiros
618 3574 712 3629 doctos
725 3575 887 3644 Hesychium
900 3577 1086 3646 interpretari:
1096 3574 1269 3648 ιπολιτικός·

117 3655 235 3725 ἀστεῖος
251 3653 323 3728 μετὰ
342 3658 440 3730 τέχνης
458 3655 549 3725 τινός·
570 3655 586 3715 d
605 3657 636 3716 ἐν
653 3657 735 3717 πόλει
754 3655 1022 3733 οἷναοτρεφόμενος’
1040 3665 1123 3732 (prior
1140 3682 1203 3735 pars
1222 3683 1269 3723 ex·

115 3750 175 3800 stat
197 3746 279 3800 etiam
301 3745 391 3798 inan.
410 3744 521 3798 Bachm.
540 3745 552 3797 1
571 3748 635 3810 345,
654 3749 688 3812 l).
723 3745 765 3800 Ne
786 3747 854 3800 haec
877 3746 983 3814 quidem
1000 3748 1092 3803 ferent
1108 3750 1196 3805 Moro.
1216 3751 1270 3805 Lo-

119 3847 181 3885 cum
193 3830 238 3885 Ps.
251 3829 331 3884 Dion.
345 3835 396 3883 art.
410 3829 478 3882 rhet.
493 3846 519 3898 p.
534 3833 591 3890 233,
607 3835 619 3885 1
639 3846 779 3899 perperam
792 3832 945 3884 Ernestium
961 3831 1098 3888 addidisse
1115 3841 1190 3904 puto,
1209 3851 1269 3890 cum

117 3914 156 3967 ibi
180 3917 346 3980 πολιτικῶς,
372 3914 487 3968 medium
512 3915 600 3968 locum
618 3919 712 3971 tenens
730 3917 799 3970 inter
817 3910 931 3986 α’φελῶς
948 3922 975 3970 et
993 3923 1115 3986 σεμνῶς,
1138 3919 1271 3988 significet

114 3993 165 4052 ‘ita
178 4007 208 4053 ut
225 3999 253 4052 in
266 3999 336 4052 cirili
349 3999 478 4066 oratioue,
496 4000 514 4054 i.
527 4015 550 4053 e.
564 4015 652 4068 neque
670 4001 819 4056 sublimiter
836 4018 923 4070 neque
935 3996 1060 4058 tenuiter'
1078 4004 1122 4070 (cf.
1136 4021 1163 4072 p.
1181 4009 1227 4060 138
1242 4009 1270 4059 et

117 4099 144 4152 p.
160 4088 208 4138 175
226 4083 306 4139 huius
325 4084 575 4150 commentationis).
