3004 4886
235 315 295 385 238
645 318 758 374 Carolus
776 320 981 376 Brandstaetter

234 509 350 572 quam
366 499 539 574 possunt
559 492 772 556 maximum
788 493 877 559 sive
893 493 1033 572 domi¹)
1049 497 1136 562 sive
1152 497 1188 562 in
1205 499 1388 581 publicis

233 591 408 660 theatris
424 595 530 676 apud
546 614 587 660 ae
603 614 805 660 numerum
825 595 1268 685 contraherentudcnt‚
1293 623 1389 685 quo·

233 715 314 760 rum
332 696 481 778 plausu
497 697 799 780 immodicoque
821 699 997 765 clamore
1013 701 1188 783 gloriam
1204 705 1286 770 sibi
1302 725 1387 770 con·

233 797 391 862 cilient:
416 797 542 864 bivero
565 805 647 881 sunt,
671 819 750 882 quos
773 801 945 866 alteram
970 801 1248 885 sophistarum
1270 806 1388 872 fami·

231 899 327 964 liam
343 900 517 982 antiquitus
532 903 709 984 nuncupari
724 921 818 967 nemo
834 903 944 969 nescit.
975 903 1056 970 Sunt
1070 905 1176 988 igitur,
1197 908 1389 975 utbreviter

233 1001 341 1066 omnia
362 1003 566 1085 complectar,
589 1002 754 1086 epidictici
776 1011 928 1087 oratores,
952 1005 1039 1088 quod
1055 1008 1100 1072 ita
1122 1008 1387 1095 intellegendum,

233 1110 268 1168 ut
289 1123 351 1170 non
374 1105 476 1170 solum
499 1125 604 1170 meras
626 1105 830 1172 laudationes
852 1113 884 1172 et
906 1107 1159 1190 vituperationes
1182 1130 1294 1177 eorum
1317 1131 1388 1178 esso

232 1211 396 1288 putemus,
426 1206 482 1272 sed
506 1208 602 1272 simul
625 1207 937 1290 comprehendantur
966 1210 1042 1276 illae
1071 1231 1183 1278 omnes
1214 1215 1387 1299 orationes,

232 1327 315 1390 quac
338 1313 493 1390 exparte
516 1309 568 1385 (ci.
590 1306 721 1386 Quintil.
745 1310 816 1375 inst.
840 1310 889 1374 IlI
912 1314 1049 1393 7,1sq.)
1071 1314 1210 1394 negotiis
1233 1315 1387 1398 vitaeque

230 1410 360 1474 utilitati
376 1411 560 1475 serviebant
575 1413 627 1476 vel
644 1412 764 1477 servire
777 1411 978 1495 videbantur,
1001 1415 1090 1479 volnt
1106 1410 1203 1497 λόγος
1223 1412 1386 1482 ἐντευκτι-

230 1509 286 1588 κὸς
308 1508 546 1594 acceptacula
568 1511 896 1598 ιιρυοφωνηματικὸς
919 1513 1178 1599 ττυλεμαρχικὸς,
1209 1521 1386 1604 praecipue

230 1611 422 1697 ἐπιτάφιος.
1331 1691 1334 1696 ,

315 1717 418 1782 Iidem
434 1716 594 1784 interdum
613 1719 818 1801 appellantur
840 1719 1030 1802 simpliciter
1052 1717 1272 1804 dalmaci),
1297 1727 1386 1790 velut

318 1873 341 1931 1)
361 1869 395 1920 υ1’.
415 1866 535 1920 Himer.
554 1858 581 1934 p.
596 1871 637 1932 82,
651 1872 681 1922 31
702 1868 823 1936 Duebn.,
845 1869 892 1922 ubi
909 1863 926 1939 ἢ
945 1866 1027 1925 ἔνδον
1044 1867 1075 1925 ἐν
1093 1880 1154 1936 τοῖς
1179 1868 1307 1944 ἑταίροις
1324 1879 1350 1927 et
1368 1869 1384 1944 ἡ

229 1955 348 2033 δρμοσία
367 1950 497 2017 ἐπίδειξις
515 1957 697 2020 opponuntur,
715 1952 779 2005 ibid.
798 1969 824 2020 p.
839 1957 879 2017 81,
894 1957 994 2008 28-30
1007 1953 1042 2011 τοὶ
1054 1951 1165 2026 μεγάλα
1178 1957 1290 2028 θέατρα
1303 1989 1335 1997 -
1349 1958 1383 2014 τὸ

227 2033 333 2109 μικρὸν
351 2037 486 2108 θέατρον,
504 2037 630 2104 Eunap.
650 2053 673 2090 v.
688 2054 715 2105 p.
730 2039 787 2103 483,
804 2041 830 2089 11
852 2037 894 2090 ed.
907 2037 994 2092 Boiss.
1013 2053 1038 2092 a.
1059 2043 1133 2093 1818.
1163 2040 1267 2096 Iniuria
1279 2043 1383 2096 Bern-

227 2122 345 2191 hardy,
371 2121 487 2176 Grundr.
507 2121 532 2175 d.
550 2137 589 2188 gr.
609 2121 673 2174 Litt.
692 2121 705 2174 I
723 2139 751 2190 p.
772 2126 835 2188 595,
853 2121 933 2186 dicit,
952 2122 1024 2190 apud
1043 2123 1157 2177 Dionem
1181 2141 1249 2193 quae
1268 2141 1383 2181 comme-

228 2214 362 2271 moretur,
388 2206 564 2275 sophisticam
588 2222 642 2260 non
662 2221 722 2260 erse
740 2208 792 2260 nisi
815 2208 1060 2262 scholasticam
1084 2209 1318 2265 declamationem:
1341 2229 1382 2266 re·

229 2292 332 2348 t'ellitur
354 2293 477 2360 exemplo
496 2307 579 2359 supra
602 2290 714 2344 laudato
733 2307 772 2344 or.
793 2297 825 2345 18
849 2308 876 2360 p.
891 2296 949 2359 219,
964 2293 1029 2347 131)
1048 2299 1076 2346 et
1097 2295 1158 2348 loco
1177 2297 1348 2351 notabilior.
1368 2302 1382 2350 8

227 2367 738 2447 ρ.115,161);τδτεῆνπερ1ιὸν
756 2376 844 2432 νεῶν
861 2380 924 2433 τοῦ
938 2382 1163 2444 Ποσειδῶνος
1180 2373 1297 2436 οἷκοέειν
1315 2387 1382 2436 πολ-

226 2466 285 2516 λῶν
301 2461 354 2530 μὲν
373 2465 520 2532 σοφιστῶν
540 2457 761 2528 κακοδαιμόνων
781 2457 922 2533 βοώντων
939 2465 988 2517 καλ
1005 2463 1234 2534 λοιδορουμένων
1252 2458 1382 2536 α’λλὴλοις

225 2550 273 2602 καὶ
291 2550 348 2602 τῶν
367 2545 531 2617 λεγομένων
547 2549 687 2616 μαθητῶν
704 2541 793 2602 ἄλλον
810 2543 887 2620 ἄλλῳ
903 2546 1076 2617 μαχομένων
1093 2552 1153 2602 κτλ.

313 2634 338 2695 2)
358 2629 485 2698 Quaestio
511 2629 543 2682 do
565 2631 677 2684 uocibus
702 2625 875 2702 σοφιστὴς
893 2638 920 2684 et
938 2627 1055 2703 ῥήτωρ
1077 2632 1132 2686 sire
1153 2633 1307 2701 promiscue
1328 2635 1381 2688 sive
1488 2671 1489 2696 ,

227 2716 353 2770 distincte
371 2715 510 2784 usurpatis
528 2715 567 2768 ita
583 2715 648 2768 mihi
671 2715 776 2769 videtur
796 2715 982 2770 diiudicanda:
1009 2716 1231 2786 Quandocunque
1249 2734 1316 2773 uoce
1334 2738 1381 2776 σο·

226 2797 327 2873 φιστὴς
346 2801 556 2870 epidictious
576 2806 669 2854 orator
687 2804 859 2869 nuncupatus
878 2805 929 2864 est,
951 2801 1032 2854 etiam
1051 2816 1142 2854 vocem
1161 2800 1258 2874 ῥήτωρ
1276 2809 1379 2858 veteres
1488 2803 1489 2832 ³

225 2887 378 2956 promiscue
397 2903 458 2941 cum
476 2902 509 2939 ea
526 2885 717 2940 adhibuerunt.
753 2886 891 2940 Interdum
908 2901 970 2939 vero
996 2887 1075 2940 etiam
1099 2887 1223 2955 specialis
1248 2889 1380 2956 quaedam

224 2975 266 3028 vis
279 2973 434 3040 adiungitur
446 2972 505 3026 voci
523 2967 629 3043 ῥήτωρ,
648 2987 701 3038 qua
720 2971 856 3025 civilem
874 2973 914 3025 uel
933 2972 1124 3040 practicam
1142 2978 1276 3026 oratorem
1294 2979 1378 3040 notat,

224 3059 419 3128 oppositum
442 3057 636 3125 epidictico.
672 3056 755 3110 Cuius
773 3072 839 3111 usus
858 3057 981 3125 exempla
998 3057 1072 3124 apud
1090 3057 1211 3124 singulos
1230 3058 1378 3128 scriptores

223 3144 377 3209 attulimus3
396 3143 469 3195 iurat
482 3141 563 3208 digito
576 3156 608 3195 ea
620 3141 736 3196 breviter
754 3146 932 3196 monstrasse:
952 3141 1025 3210 aliud
1038 3140 1268 3196 Philodamum
1286 3159 1314 3212 p.
1329 3147 1378 3197 226

222 3229 285 3284 adn.
301 3233 324 3292 1,
341 3227 483 3282 Dionem
501 3243 527 3295 p.
542 3230 600 3292 239,
620 3226 843 3281 Plutarchum
860 3243 926 3281 mor.
945 3243 973 3295 p.
989 3225 1071 3280 131A
1089 3228 1116 3279 et
1133 3225 1189 3280 vita
1206 3227 1281 3281 Aem.
1301 3229 1379 3282 Pauli

223 3330 245 3366 c.
265 3319 289 3379 6,
307 3312 380 3380 apud
398 3312 652 3366 Philostratum
670 3329 693 3365 v.
713 3312 792 3381 soph.
810 3313 824 3364 Ι
842 3316 883 3378 21,
902 3317 926 3367 5.
948 3317 987 3376 11,
1005 3316 1029 3366 4.
1049 3316 1089 3377 21,
1108 3314 1123 3364 3
1142 3309 1301 3384 (ῥητορικοὶ
1320 3317 1378 3370 τῶν

222 3395 326 3470 λόγων,
344 3398 401 3452 scil.
420 3396 576 3462 iudiciales),
596 3397 783 3466 Longinum
800 3413 826 3465 p.
841 3401 904 3461 254,
926 3397 1147 3451 Menandrum
1164 3413 1191 3465 p.
1206 3400 1269 3462 254,
1289 3397 1377 3452 The·

222 3484 368 3538 mistium
386 3500 413 3552 p.
427 3486 485 3546 311,
500 3488 527 3536 11
548 3482 629 3538 Dind.
648 3513 682 3522 -
701 3482 735 3537 ci.
756 3483 837 3536 etiam
855 3483 927 3536 inira
943 3480 970 3550 p'.
985 3487 1033 3535 241
1052 3499 1077 3536 n.
1092 3486 1114 3535 2.

307 3569 498 3634 Isocrates,
522 3568 593 3636 quod
611 3567 656 3621 hic
673 3569 736 3622 nolo
756 3567 892 3631 omittere,
917 3567 1026 3634 saepius
1048 3566 1203 3634 angustiore
1220 3573 1248 3621 et
1266 3569 1377 3636 speciali

221 3669 304 3709 sensu
322 3647 1002 3728 ῥήτοραςυοοτ1εοΙοετοὺςέντῶπλήθει
1020 3650 1139 3722 λέγειν
1157 3652 1377 3719 δυναμένους

221 3740 397 3802 (or.1118=
409 3739 459 3793 XV
480 3742 539 3804 256)
557 3739 598 3792 rel
616 3732 684 3802 τοὺς
701 3735 747 3794 ἐπὶ
765 3735 800 3794 τὸ
819 3741 913 3811 βῆμα
932 3734 1091 3807 παριόντας
1109 3736 1171 3802 (XlI
1187 3741 1224 3791 11.
1240 3741 1271 3791 12
1284 3756 1320 3794 x
1337 3743 1376 3793 15.

221 3841 262 3893 ep.
276 3824 342 3878 Vlll
356 3831 378 3878 1.
393 3829 419 3888 8)
437 3823 603 3891 opponitque
620 3823 652 3875 iis
671 3838 700 3876 se
717 3824 806 3891 ipsum
826 3822 910 3889 (ibid.)
929 3825 969 3876 vel
982 3819 1111 3888 τούτους,
1130 3817 1232 3886 οἵτινες
1244 3816 1281 3878 ἄν
1294 3815 1376 3878 αὐτοὶ

220 3905 296 3981 πρὸς
313 3904 431 3974 ἑαυτοὺς
449 3905 552 3982 ἄριστα
571 3911 742 3978 διαλεχθῶσι
761 3907 848 3972 (1118)
866 3908 908 3962 vel
926 3907 994 3973 τοὺς
1005 3905 1037 3963 ἐν
1049 3917 1111 3972 τοῖς
1127 3903 1209 3971 ἰδίοις
1226 3903 1377 3978 συλλόγοις

220 4000 387 4066 λογοποιεῖν
406 3994 577 4063 δυναμένους
595 3991 656 4056 (XV
678 3996 744 4059 136).
781 3993 931 4062 Opponitur
952 3993 1035 4060 igitur
1058 3987 1267 4064 ρητορεύεσδαι
1288 3997 1315 4048 et
1333 4013 1376 4065 γε·

219 4079 349 4154 γράφδαι
368 4079 445 4135 1125.
