3004 4886
280 316 342 374 230
685 314 799 369 Carolus
817 313 1022 369 Brandstaeltcr

281 510 309 554 a.
334 487 408 554 Chr.
431 509 461 552 n.
485 487 616 568 saeculi,
640 487 660 550 i.
685 505 712 551 e.
735 485 1139 568 aequalesPhilodemi,
1163 506 1226 553 non
1249 487 1310 552 nisi
1328 506 1434 570 panca

281 592 432 674 exempla
461 588 554 655 huius
583 608 659 654 usus
688 588 906 653 inveniuntur:
941 587 1044 654 unde
1074 608 1219 671 magna
1241 589 1432 671 probabi·

281 693 402 757 litate
425 689 709 757 concludimus
732 691 867 773 quasi
895 689 1133 774 propriam
1163 689 1367 773 quandam
1397 697 1433 755 et

280 791 540 872 gentiliciam
572 791 862 875 Epicureorum
892 791 1194 874 possessionem
1228 791 1276 857 ab
1310 792 1431 856 initio

281 891 383 957 hanc
404 892 543 959 fuisse.

366 993 449 1058 Nam
472 1001 506 1059 ut
528 997 659 1061 missum
682 995 837 1062 faciamus
860 994 990 1060 tandem
1013 993 1256 1077 Philodemum,
1280 1015 1346 1061 non
1369 1001 1430 1060 tam

281 1095 426 1160 inutilem
456 1098 642 1179 scriptorem
666 1115 761 1178 quem
786 1095 965 1162 Christio
989 1095 1076 1161 risus
1106 1103 1171 1178 est,
1206 1097 1234 1162 si
1256 1097 1344 1162 tertii
1370 1097 1430 1162 iam

282 1203 314 1261 et
338 1197 471 1262 secundi
492 1217 521 1262 a.
539 1196 613 1262 Chr.
626 1218 657 1261 n.
674 1199 871 1263 saeculorum
888 1196 1049 1262 rhetorica
1070 1197 1177 1263 studia
1192 1199 1429 1282 perlustramur,

281 1296 375 1363 huius
405 1299 532 1364 termini
565 1318 606 1364 ne
634 1300 772 1381 vestigia
806 1297 936 1381 quidem
964 1300 1109 1366 valemus
1142 1299 1312 1382 indagare3
1347 1298 1430 1381 quod

282 1399 412 1482 quidem
442 1420 505 1465 non
534 1401 638 1466 minus
668 1399 743 1466 inde
772 1400 980 1482 repetendum
1004 1401 1147 1484 videtur,
1171 1401 1258 1484 quod
1281 1400 1331 1467 his
1354 1408 1429 1465 tem-

281 1502 412 1584 poribus
435 1501 615 1567 rhetorioae
639 1501 788 1568 technica
810 1503 958 1568 tractatio
980 1503 1200 1568 multominus
1223 1522 1317 1585 qnam
1339 1509 1430 1568 antea

281 1601 397 1686 floruit,
421 1622 517 1685 quam
541 1623 650 1686 exeo,
674 1603 760 1686 quod
777 1623 896 1687 sorum,
920 1605 976 1686 qui
997 1604 1121 1688 aliquid
1136 1605 1169 1668 in
1185 1603 1246 1670 hac
1262 1604 1430 1687 disciplina

281 1705 523 1786 praestiterunt,
547 1706 735 1772 tenuissima
757 1712 878 1771 tantum
902 1707 1016 1772 notitia
1037 1706 1079 1771 ad
1102 1725 1160 1771 nos
1182 1707 1339 1788 pervenit.
1384 1706 1431 1769 Ex

281 1806 571 1888 peripateticis
594 1805 813 1890 philosophis,
848 1809 903 1890 qui
929 1800 1055 1872 ‘studio
1085 1826 1212 1890 quoque
1235 1827 1270 1873 se
1294 1807 1428 1890 quodam

282 1908 421 1973 oratorio
454 1897 584 1973 iactant³
622 1913 704 1974 teste
738 1908 935 1986 Quintiliano
969 1909 1053 1982 (inst.
1075 1908 1140 1972 Xll
1162 1912 1190 1992 2,
1208 1911 1271 1990 25),
1306 1916 1429 1992 praeter

281 2010 556 2093 Theophrastum,
590 2010 789 2075 Demetrium
813 2010 1023 2092 Phalereum,
1053 2009 1249 2091 Eudemum,
1276 2011 1428 2093 Hierony-

280 2131 384 2194 mum,
416 2110 591 2177 Critolaum
615 2113 671 2176 vix
700 2113 830 2177 nomina
858 2113 1000 2194 virorum
1028 2111 1207 2178 rhetoricae
1236 2112 1429 2178 excolendae

281 2213 496 2280 studiosorum
522 2221 681 2296 tenemus;
704 2233 743 2279 ao
764 2233 805 2279 ne
827 2215 954 2280 illorum
972 2213 1102 2297 quidem
1125 2215 1306 2297 fragmenta
1320 2215 1362 2280 de
1384 2234 1428 2280 so·

281 2315 409 2398 phistae
431 2315 564 2380 notione
586 2314 768 2380 rhetoricae
791 2313 1014 2398 technologiae
1040 2317 1159 2381 inserta
1180 2315 1321 2398 produnt
1343 2315 1428 2398 quid·

281 2437 388 2498 quam.
432 2416 547 2497 Neque
578 2423 626 2482 est
648 2418 718 2482 veri
741 2416 844 2482 simile
866 2438 888 2482 a
909 2418 1054 2500 magistri
1077 2437 1136 2483 usu
1159 2437 1214 2483 eos
1237 2418 1427 2498 discessisse,

281 2519 371 2584 ouius
405 2518 559 2583 terminos
594 2537 615 2582 a
647 2518 809 2600 plerisque
843 2520 1054 2602 posteriorum
1088 2517 1251 2584 rhetorum
1285 2519 1339 2584 val
1371 2539 1427 2584 non

281 2619 563 2703 peripateticorum
586 2627 735 2702 acceptos
759 2640 830 2686 esso
853 2620 929 2686 satis
952 2626 1061 2686 notum
1085 2626 1143 2704 est,
1171 2621 1317 2702 quamvis
1340 2621 1428 2704 pauci

281 2721 475 2788 rhetoricam
505 2721 688 2788 Aristotelis
718 2723 790 2788 sive
818 2722 950 2787 laudent
978 2721 1048 2788 sive
1077 2721 1216 2788 adierint
1241 2722 1311 2788 sive
1341 2724 1426 2787 inter·

283 2826 384 2890 iorem
412 2824 480 2890 eius
503 2824 648 2889 notitiam
678 2845 756 2907 prae
779 2844 814 2890 se
836 2824 956 2904 ferant,
987 2830 1123 2906 excepto
1146 2823 1425 2890 Halicarnassensi.

281 2927 492 2992 Asiaticos
518 2925 663 2990 rhetores
686 2926 858 3006 diligenter
887 2926 1144 2990 exercitasse
1175 2926 1379 3007 epidictioum
1399 2933 1426 2990 et

281 3027 434 3092 iudiciale
457 3046 558 3107 genus
581 3046 646 3090 non
662 3026 767 3090 minus
783 3033 908 3091 constat
924 3045 1020 3108 quam
1035 3026 1220 3108 neglexisse
1242 3026 1425 3092 technioa

282 3129 398 3195 studia.
445 3126 543 3193 Porro
574 3146 657 3208 quae
683 3128 724 3193 iis
746 3127 918 3192 adversata
940 3134 1004 3209 est,
1037 3125 1305 3210 Rhodiorum,
1339 3149 1424 3212 quam

282 3229 430 3310 ferimus,
465 3225 594 3308 schola,
629 3229 757 3311 singula
784 3230 812 3294 si
842 3235 1039 3312 spectamus,
1074 3234 1141 3293 tam
1170 3229 1245 3294 altis
1275 3231 1425 3313 obtegitur

282 3331 438 3412 tenebris,
468 3336 503 3394 ut
532 3332 587 3412 qui
616 3331 703 3412 apud
733 3351 788 3397 eos
818 3332 914 3396 fuerit
943 3329 1036 3396 huius
1065 3332 1154 3396 vocis
1184 3351 1260 3397 usus
1287 3332 1424 3415 ignorare

282 3452 340 3498 nos
362 3451 456 3497 nemo
479 3449 583 3514 aeque
605 3433 707 3515 possit
729 3433 847 3497 mirari.
893 3431 1055 3498 Stoicos
1078 3433 1180 3516 solos,
1214 3440 1249 3498 ut
1277 3453 1423 3514 gramma·

283 3534 366 3599 tioae
394 3533 439 3598 ita
466 3531 646 3598 rhetoricae
675 3553 802 3616 quoque
833 3532 1018 3598 tractandae
1049 3539 1081 3598 et
1109 3532 1309 3600 excolendae
1330 3537 1423 3602 acrius

283 3635 445 3701 studuisse
475 3636 507 3698 in
538 3634 608 3700 dies
630 3635 733 3717 magis
757 3637 924 3718 magisque
947 3635 1179 3718 intellegimus,
1203 3655 1338 3718 quorum
1358 3637 1423 3704 doo-

283 3738 387 3802 trinae
417 3737 473 3819 qui
494 3737 650 3820 imprimis
673 3738 761 3803 nisus
783 3744 849 3820 est,
884 3737 1173 3819 Hermagoram
1196 3738 1286 3821 dico,
1313 3746 1423 3806 tantum

367 3887 489 3955 Denique
501 3902 552 3940 vox
569 3881 865 3956 ἐγκωμιαστικός,
884 3900 937 3955 qua
955 3887 1064 3940 tertium
1078 3901 1165 3954 genus
1183 3887 1317 3943 stoicos
1333 3890 1423 3958 primos

281 3971 449 4040 significasse
467 3972 559 4026 dicunt
576 3971 683 4026 Volkm.
703 3971 797 4026 Recta
814 3988 840 4040 p.
855 3975 886 4025 21
906 3978 932 4024 et
950 3970 1056 4026 Striller
1072 3972 1091 4026 l.
1110 3973 1127 4026 l.
1146 3989 1173 4041 p.
1188 3975 1235 4038 31,
1254 3974 1283 4028 in
1302 3974 1341 4030 his
1357 3976 1422 4030 rolu-

281 4055 399 4110 miuibus
417 4057 482 4110 mihi
499 4071 551 4110 non
571 4056 698 4110 occurrit.
