2990 4886
195 1400 383 1484 Quicunque
406 1400 448 1466 ad
470 1399 625 1484 legendos
648 1420 705 1467 seu
728 1401 911 1478 tractandos
934 1399 1096 1467 rhetorum
1120 1409 1264 1468 veterum

107 1503 208 1570 libros
231 1503 406 1568 adverterit
427 1503 582 1586 animum,
613 1523 676 1568 non
698 1503 916 1586 mediocriter,
947 1509 1041 1587 puto,
1065 1503 1264 1570 desiderabit

107 1605 253 1672 subsidia
274 1605 371 1670 lexici
386 1603 611 1688 technologici.
656 1603 750 1683 Quod
766 1624 934 1689 cumpace
950 1605 1048 1671 velim
1071 1605 1192 1672 dictum
1208 1606 1264 1671 Er·

107 1707 213 1782 bestii,
236 1707 325 1773 cuius
348 1725 458 1772 manes
473 1725 661 1772 succensere
676 1706 755 1772 mihi
770 1727 833 1772 uon
855 1725 960 1790 spero,
984 1711 1093 1790 utpote
1117 1708 1172 1790 qui
1194 1708 1265 1791 ipse
1393 1735 1395 1738 ·

107 1809 209 1874 libere
238 1806 424 1891 profiteatur
452 1809 484 1872 in
512 1806 575 1873 fine
603 1809 811 1893 praefationis
842 1809 940 1874 lexici
969 1807 1074 1877 techn.
1105 1807 1159 1874 Gr.
1183 1807 1264 1875 rbet.

107 1931 139 1994 p.
156 1910 285 1974 XXIII:
313 1903 440 1988 ‘Quos
463 1908 561 1974 mibi
590 1911 729 1976 libelli
756 1910 916 1976 iudices
944 1911 1058 1993 fingo
1088 1917 1126 1976 et
1156 1917 1265 1994 opto,

108 2013 259 2090 scient,
289 2017 462 2094 quantas
492 2010 565 2078 boc
595 2032 717 2096 genus
745 2013 959 2080 literarum
983 2011 1265 2079 difficultates

109 2111 276 2196 babeat;
305 2113 562 2196 intelligent,
592 2133 676 2180 cum
706 2114 804 2180 talis
833 2113 975 2179 libelli
1000 2133 1149 2180 summa
1177 2134 1265 2198 per-

108 2215 238 2282 fectio
261 2217 308 2281 ab
340 2215 506 2282 infinito
536 2216 823 2300 propemodum
851 2216 1049 2282 lectionis
1072 2217 1266 2283 observa·

109 2317 1266 2403 tionisquelaborependeat,quamhumanumsit‚quae-

108 2419 195 2485 dam
215 2440 292 2486 non
314 2419 553 2502 observare,
577 2422 712 2486 omnia
734 2421 874 2503 legere
897 2441 975 2487 non
998 2411 1144 2504 posse’.
1190 2421 1268 2488 Post

109 2521 172 2588 boc
195 2522 358 2588 biennium
381 2523 589 2588 centesimum
613 2523 700 2588 vitae
723 2523 867 2610 explebit
883 2523 1021 2590 Ernestii
1043 2523 1127 2589 liber
1148 2543 1267 2589 annum

109 2658 152 2669 -
175 2625 361 2708 progeniem
377 2623 484 2690 adbuc
502 2643 567 2689 nou
591 2622 697 2690 babet.
743 2625 861 2690 Verum
885 2631 991 2690 tamen
1015 2625 1101 2690 viam
1124 2625 1194 2707 ipse
1218 2624 1267 2688 vir

108 2727 223 2794 doctus
239 2726 342 2810 digito
356 2731 519 2809 monstrat,
536 2745 601 2809 qua
612 2727 853 2810 locupletiorem
867 2733 899 2792 et
911 2727 1070 2793 erroribus
1082 2726 1266 2792 liberiorem

108 2827 295 2894 thesaurum
311 2848 425 2911 parare
441 2828 611 2913 possimus,
628 2829 782 2895 videlicet
793 2821 1057 2910 ‘diligentius
1072 2826 1265 2910 legendo,

108 2930 367 2998 observando
391 2920 667 3013 diligentius'.
712 2928 783 2996 Hoc
805 2930 902 3013 igitur
925 2931 1066 3012 iuvetis,
1091 2936 1125 2995 ut
1147 2929 1266 3014 plures,

109 3053 208 3117 quam
231 3031 337 3098 adhuc
360 3033 431 3098 ausi
453 3038 542 3114 sunt,
568 3031 797 3116 aggrediantur
819 3031 1050 3099 rhetoricorum
1076 3032 1266 3116 scriptorum

109 3135 264 3217 reliquias
298 3135 418 3218 iisque,
453 3154 536 3217 quae
565 3135 622 3200 alii
657 3134 901 3218 praestiterunt,
935 3125 1088 3201 subsidiis
1122 3135 1268 3200 instructi

108 3237 307 3321 peculiarem
340 3237 475 3319 singulis
509 3237 652 3303 terminis
681 3242 749 3302 arte
784 3243 816 3302 et
844 3236 899 3302 via
932 3236 1106 3304 tractandis
1135 3256 1267 3319 operam

108 3345 239 3404 navent.

196 3441 270 3524 Ipse
304 3441 401 3524 igitur
434 3461 492 3524 pro
521 3460 594 3506 mea
622 3445 713 3525 parte
742 3447 873 3506 conatus
903 3460 972 3506 sum
1001 3441 1187 3507 satisfacere
1216 3439 1266 3507 his

108 3544 204 3624 votis,
228 3563 300 3608 cum
323 3563 428 3625 pauca
451 3543 610 3626 quaedam
625 3543 703 3608 artis
720 3543 879 3609 vocabula
894 3543 1021 3625 suscepi
1044 3541 1268 3625 persequenda

108 3665 168 3729 per
197 3651 299 3710 totum
321 3643 502 3712 rhetoricae
524 3645 680 3711 ambitum
704 3677 744 3690 -
768 3644 802 3710 id
826 3647 910 3711 enim
934 3645 1120 3727 primarium
1144 3650 1202 3727 est,
1225 3646 1268 3712 si-

108 3746 207 3813 modo
237 3747 433 3814 fructuosum
461 3746 602 3814 studium
632 3767 702 3814 esse
731 3754 872 3814 nostrum
902 3747 1063 3831 cupimus;
1093 3747 1155 3814 nisi
1182 3748 1268 3813 enim

108 3858 212 3918 totum
241 3857 401 3934 tenemus,
432 3870 495 3916 non
524 3850 601 3916 licet
622 3857 708 3916 recte
738 3849 881 3916 iudicare
911 3848 953 3915 de
975 3849 1129 3933 partibus.
1174 3851 1218 3914 At
1239 3851 1266 3916 si

109 3972 235 4038 paucae
257 3958 339 4037 sunt,
367 3972 447 4036 quas
469 3951 700 4019 illustrabimus
723 3971 838 4036 voces,
862 3971 900 4018 eo
924 3952 1053 4018 maioris
1075 3949 1155 4016 mibi
1178 3952 1267 4018 visae

109 4063 183 4122 sunt
205 4055 367 4140 momenti,
390 4055 535 4122 notiones
559 4053 632 4122 dico
656 4051 838 4132 πολιτικός,
863 4050 1035 4138 σοφιστής,
1060 4050 1267 4138 σοφιστικός.

1078 4153 1114 4205 9*
