2990 4886
239 327 281 381 De
299 325 440 382 notionum
457 320 606 390 πολιτικὸς
623 330 651 379 et
668 320 804 395 σοφιστὴς
821 339 873 379 usu
890 325 1036 381 rhetorico.
1160 325 1219 382 193

62 499 188 564 miscuo
206 499 292 564 enim
307 499 353 564 ibi
369 497 420 564 his
435 497 618 565 notionibus
633 497 743 573 utitur)
764 498 859 582 τριχῇ
875 500 1093 584 νενεμημένην
1112 507 1223 582 aperte

65 601 155 666 dicit.
205 601 312 683 Atque
334 601 379 666 ibi
403 599 533 684 quidem
548 599 604 663 via
617 618 656 664 ac
673 599 797 665 ratione
819 600 861 664 ab
876 599 1154 683 Hermagoreo
1176 599 1223 666 di·

67 701 161 768 candi
185 722 247 768 usu
263 703 326 768 boc
347 702 408 767 fuit
429 699 649 785 repetendum.
686 699 780 766 Nunc
802 721 880 766 vero
896 702 937 767 ab
953 701 1152 768 Aristidis
1174 722 1224 767 ra·

66 806 153 870 tione
178 803 266 871 idem
281 824 345 870 non
360 805 464 870 minus
485 809 573 870 certo
588 802 681 868 nobis
705 801 852 868 videmur
874 810 1029 887 repetere,
1054 823 1224 887 quaecum

66 906 290 988 Hermagorea
319 907 409 973 vocis
437 899 612 978 πολιτικὸς
641 900 737 988 λόγος
764 905 972 988 usurpatione
994 925 1058 970 non
1082 913 1131 972 est
1152 925 1224 972 con·

67 1007 244 1074 tundenda.
283 1007 338 1074 Sic
351 1009 450 1090 igitur
465 1008 650 1073 statuimus:
674 1005 771 1090 Apud
786 1005 977 1090 Dionysium
993 1006 1099 1074 ethos
1119 1013 1226 1091 poste-

68 1110 169 1176 riores
185 1109 333 1176 rhetores
349 1109 525 1173 πολιτικοῦ
541 1105 639 1190 λόγον
655 1109 815 1192 tripertita
829 1109 960 1192 partitio
975 1111 1096 1192 pariter
1111 1116 1225 1191 exstat,

70 1212 228 1293 originem
252 1231 330 1278 vero
353 1213 380 1278 si
403 1219 546 1296 spectas,
575 1231 638 1278 non
662 1217 710 1276 est
732 1209 863 1291 eadem,
893 1209 952 1276 sed
981 1210 1119 1277 diversa.
1164 1210 1227 1277 Gur

69 1319 175 1379 autem
200 1333 266 1380 non
289 1314 331 1378 ab
354 1313 574 1397 Hermogene,
597 1334 618 1378 a
640 1313 730 1378 ouius
753 1313 944 1378 anctoritate
967 1313 999 1377 in
1022 1313 1137 1378 ceteris
1159 1314 1226 1396 ple·

69 1416 161 1498 rique
184 1415 330 1500 pendent
351 1415 446 1481 buius
476 1416 591 1480 aetatis
619 1413 780 1496 rhetores,
811 1414 870 1481 sed
892 1415 933 1480 ab
956 1414 1098 1480 Aristide
1120 1415 1226 1498 potius

72 1515 156 1583 huno
179 1517 313 1583 dicendi
335 1537 427 1584 usum
451 1517 629 1600 proiectum
652 1535 723 1582 esse
746 1518 923 1600 opinemur,
947 1517 1057 1601 exiis,
1081 1517 1228 1600 quaeda

72 1619 143 1702 ipsa
165 1620 252 1684 inter
274 1619 512 1702 Hermogenem
539 1626 571 1684 et
592 1618 720 1684 Aelium
750 1617 933 1684 differentia
960 1619 1097 1702 professi
1120 1638 1228 1684 sumus

73 1739 102 1802 p.
122 1723 193 1803 188,
210 1722 308 1787 facile
323 1721 504 1804 intelleges,
521 1739 714 1803 quamquam
731 1720 764 1785 id
780 1721 911 1785 minime
926 1740 978 1786 me
994 1739 1112 1804 negare
1128 1722 1228 1787 soien-

74 1819 147 1888 dum
171 1832 222 1890 est
238 1824 451 1906 Hermogenis
474 1823 652 1888 doctrinam
675 1821 855 1888 teobnioam
879 1841 950 1888 esse
973 1842 1054 1904 eam,
1077 1829 1112 1888 ut
1133 1824 1229 1888 facile

74 1942 130 2005 pro
153 1945 215 1991 sua
237 1932 331 2007 parte
353 1923 396 1989 ad
418 1924 599 2006 aagendam
622 1923 705 1989 banc
727 1923 857 1988 dicendi
887 1923 1150 1989 consuetudinem
1174 1943 1229 2006 po·

75 2028 168 2092 tuerit
192 2028 339 2094 conferre
363 2033 394 2092 et
416 2027 585 2092 contulerit
607 2025 694 2091 haud
717 2025 825 2091 dubie.
870 2027 918 2092 Ao
932 2045 972 2092 ne
995 2027 1075 2092 illud
1099 2026 1230 2109 quidem

75 2147 204 2209 prorsus
228 2128 476 2211 neglegendum,
499 2129 585 2210 quod
602 2127 652 2194 his
667 2127 899 2211 posterioribus
916 2129 1114 2211 temporibus
1129 2131 1230 2212 ipsius

77 2231 242 2311 epidictici
265 2231 392 2313 generis
408 2231 475 2295 alia
488 2230 549 2294 fuit
562 2235 676 2294 natura
691 2238 724 2294 et
738 2229 896 2311 condicio,
919 2238 1016 2312 atque
1031 2237 1136 2312 antea,
1160 2251 1231 2296 oum

78 2329 136 2397 hoc
158 2353 262 2416 genus
285 2353 435 2416 magnam
464 2339 588 2415 partem
619 2333 823 2414 eloquentiae
846 2349 923 2397 vere
946 2332 1052 2397 civilis
1074 2332 1230 2414 paulatim

78 2442 275 2516 ooonpasset.

161 2536 223 2601 His
240 2537 337 2618 igitur
351 2537 448 2618 paulo
465 2534 684 2600 subtilioribus
700 2536 806 2614 rebus,
825 2555 909 2617 quae
924 2536 1035 2600 valent
1048 2555 1111 2602 non
1128 2537 1230 2601 solum

80 2635 118 2699 de
133 2637 333 2719 Alexandro,
357 2637 414 2702 sed
430 2639 463 2701 in
478 2639 661 2702 universum
678 2637 719 2702 de
734 2638 897 2720 plerisque
913 2657 1033 2720 eorum,
1057 2639 1110 2720 qui
1126 2645 1231 2720 poste·

80 2739 176 2805 riores
200 2747 284 2820 sunt,
309 2739 543 2823 demonstratis,
567 2741 630 2804 iam
652 2738 805 2804 adeamus
828 2745 1009 2823 temporum
1032 2739 1145 2805 ordine
1168 2759 1231 2805 ser·

81 2847 152 2905 vato
168 2861 236 2922 eos,
253 2843 308 2924 qui
324 2847 455 2922 restam,
471 2841 558 2924 apud
569 2860 650 2923 quos
664 2860 782 2906 novam
792 2841 931 2906 notionis
947 2837 1121 2914 πολιτικὸς
1136 2834 1234 2923 λόγος

80 2945 287 3010 mutationem
303 2962 368 3008 non
382 2944 600 3026 inveniemus,
624 2962 662 3008 eo
685 2950 791 3008 autem
814 2943 968 3008 maiorem
991 2943 1233 3008 observabimus

82 3045 228 3110 variandi
250 3045 293 3110 ad
316 3044 483 3109 libidinem
506 3047 538 3109 in
561 3051 650 3110 tanta
672 3045 940 3129 significationum
967 3043 1172 3110 multitudine
1195 3045 1233 3108 li·

83 3148 228 3212 centiam.

165 3249 261 3333 Apud
286 3247 560 3331 Phryniobum
583 3249 771 3330 Arabum,
802 3251 891 3314 cuius
914 3269 1010 3313 unum
1033 3250 1137 3314 locum
1161 3249 1235 3315 aliis
1328 3283 1335 3296 ι

85 3345 281 3417 documentis
301 3349 524 3416 deficientibus
541 3351 604 3414 iam
621 3370 717 3433 supra
740 3357 783 3432 (p.
803 3353 875 3428 176)
896 3351 1071 3431 attulimus,
1095 3349 1176 3416 baec
1191 3352 1235 3415 le-

86 3459 198 3528 guntur
221 3452 337 3530 (Rclrk.
359 3451 472 3518 anecd.
495 3451 510 3516 I
536 3456 584 3533 15,
601 3455 648 3528 9):
673 3443 899 3535 αὐθέντης·
923 3445 940 3514 ὁ
966 3441 1128 3533 αὐτόχειρ.
1173 3453 1236 3512 Σο-

87 3553 208 3638 φοκλῆς
224 3552 260 3618 δὲ
283 3551 469 3631 (ὄια)λόοας
491 3547 638 3634 τοῦνομα
657 3549 833 3639 αότοέντης
849 3548 943 3617 εἶπεν
965 3554 1026 3628 (El.
1042 3554 1127 3629 272).
1165 3549 1237 3616 ἔστι

89 3649 120 3712 dd
136 3653 472 3739 πολιτικώτερον
487 3651 524 3719 τὸ
544 3648 717 3740 αὐθέντης,
734 3657 788 3720 ubi
804 3652 1063 3736 πολιτικώτερον
1079 3653 1238 3736 significat

86 3745 301 3824 ‘usitatius
324 3759 362 3822 in
386 3759 509 3824 civili
532 3759 735 3840 oratione,
765 3777 842 3823 non
865 3749 1095 3840 poeticum'.
1140 3757 1237 3840 Apud

90 3857 220 3924 eundem
248 3859 339 3938 (Lob.
363 3880 393 3943 p.
411 3862 463 3936 63)
493 3867 620 3925 exstant
646 3858 741 3925 baec:
774 3854 971 3942 ipeiysottar
994 3852 1011 3922 ό
1036 3855 1194 3943 ιιοιητης·
1219 3853 1236 3921 ό

90 3946 119 4014 δ’
139 3953 285 4043 ἐρεύγετο
310 3957 536 4044 οἰνοβαρείων.
575 3951 649 4024 όιλλ>
669 3953 686 4024 ό
707 3958 882 4036 πολιτικὸς
901 3957 1089 4046 ἐρογγόνειν
1106 3958 1237 4042 λεγέτω,

92 4059 202 4135 quibus
225 4063 331 4130 denuo
353 4063 496 4129 firmatur
513 4064 606 4128 huius
622 4083 697 4129 usus
714 4082 753 4130 ca
769 4065 953 4146 explicatio,
977 4083 1073 4146 quam
1089 4064 1237 4144 praebui·

147 4164 258 4224 lalpziger
271 4169 372 4214 Studien.
395 4169 447 4214 XV.
1054 4163 1086 4212 13
