2990 4886
273 317 316 370 De
333 315 473 371 notlonum
491 313 640 381 πολιτικὸς
659 318 685 370 et
704 311 841 388 σοφιστὴς
860 330 912 370 usu
929 315 1077 376 rhetorico.
1192 317 1250 373 161

98 494 181 565 sunt,
205 488 319 555 civiles
336 494 499 572 vocantur,
524 496 556 554 et
577 487 640 554 hae
663 495 745 572 sunt,
768 489 801 552 in
824 487 939 572 quibus
961 482 1084 555 uersari
1108 495 1140 555 et
1161 509 1253 574 prae-

99 596 183 655 stare
214 589 346 656 debebit
368 581 501 656 orator’.
547 587 712 668 Quacum
742 591 1005 673 interpretatione
1026 609 1156 673 prorsus
1180 612 1253 657 oon-

97 692 207 756 cinunt
237 692 335 758 ceteri
362 693 508 776 plerique
542 691 734 758 rhetores
762 691 944 774 Romani,
975 693 1063 757 velut
1091 691 1253 776 Sulpicius

97 793 208 859 Victor
224 793 340 871 (Halm.
353 814 384 876 p.
399 797 472 878 313,
492 792 553 877 17),
571 793 818 872 Fortunatianus
836 793 888 872 (H.
900 813 931 876 p.
949 795 999 876 81,
1016 797 1035 858 9
1052 825 1093 843 =·
1109 793 1254 862 Cassiod.

96 894 176 959 ibid.
190 915 221 979 p.
235 897 307 977 495,
324 899 383 976 16),
400 915 494 961 anon.
511 895 591 962 rhet.
608 915 677 962 exc.
694 895 746 972 (H.
762 915 793 978 p.
807 897 878 976 585,
898 897 937 978 1),
954 915 995 960 ex
1012 915 1146 978 quorum
1162 897 1253 962 libris

98 996 310 1078 intellexeris,
335 1016 430 1079 quum
448 997 503 1062 diu
520 1004 552 1063 et
568 1017 662 1080 qoam
686 997 751 1062 late
773 996 955 1063 dominatus
971 997 1013 1062 sit
1027 998 1059 1062 in
1075 997 1253 1064 rhetoricae

96 1117 198 1179 regno
215 1096 267 1163 hic
282 1118 367 1164 usus.
413 1098 617 1182 Singulorum
634 1099 741 1164 verbis
763 1097 937 1165 afferendis
960 1118 1031 1165 meo
1048 1100 1116 1166 iure
1139 1119 1253 1184 parc0;

96 1198 223 1264 Graece
252 1206 359 1266 autern
393 1200 554 1282 quomodo
584 1205 697 1268 sonent
727 1200 771 1266 sis
801 1201 898 1281 scire,
927 1200 1191 1267 Marcellinus
1222 1203 1254 1264 in

95 1299 232 1366 scholiis
247 1301 290 1366 ad
306 1302 521 1386 Hermogenis
539 1309 639 1368 status
663 1301 744 1367 haec
766 1301 845 1367 dicit
859 1301 920 1380 (W.
937 1301 981 1366 IV
997 1303 1047 1380 69,
1067 1303 1131 1380 16);
1154 1302 1254 1366 πολι-

94 1397 190 1465 τικὸν
214 1399 249 1464 δὲ
273 1401 405 1486 λέγουσι
427 1399 526 1489 τὸμὴ
551 1405 629 1488 ττερὶ
652 1399 712 1478 τὰς
733 1399 904 1482 μεθόδους
925 1399 986 1479 τὰς
1010 1399 1153 1489 φυσικὰς
1175 1397 1254 1488 ὑφι-

96 1500 270 1584 στάμενον,
295 1497 380 1567 ἀλλὰ
403 1505 462 1590 τῆς
484 1507 596 1588 κοινῆς
619 1502 747 1580 ἐννοίας
771 1502 843 1584 ἕχον
866 1500 925 1590 τὴν
947 1509 1066 1588 κρίσιν.
1075 1507 1094 1583 ¹)
1138 1505 1254 1588 Neque

94 1607 198 1670 nolim
230 1605 292 1672 hoc
320 1608 391 1672 loco
414 1627 545 1673 monere
568 1609 632 1672 iam
656 1607 923 1673 Aristotelem
947 1608 1038 1674 initio
1067 1607 1145 1672 artis
1173 1605 1254 1672 rhet.

95 1709 207 1774 dicere
219 1709 255 1782 ²l:
272 1701 291 1793 ἡ
309 1705 461 1793 ῥητορική
479 1705 568 1773 ἔστιν
585 1701 807 1792 ἀντίστροφος
822 1707 863 1792 τῇ
879 1706 1067 1793 διαλεκτικῇ
1075 1724 1081 1738 ·
1107 1699 1255 1792 ἀμφότε-

95 1833 154 1892 ραι
171 1805 233 1892 γὰρ
250 1809 329 1893 περὶ
345 1806 505 1874 τοιούτων
528 1810 626 1874 τινῶν
643 1806 737 1888 εἰσιν,
762 1805 783 1872 ἃ
798 1805 893 1874 κοινὰ
909 1805 1036 1893 τρόπον
1052 1805 1127 1872 τινὰ
1145 1803 1254 1872 drudo-

94 1935 165 1974 των
196 1907 265 1975 ἐστὶ
299 1908 470 1994 γνωρίζειν
504 1911 559 1975 καὶ
598 1902 756 1992 οὐδεμιᾶς
789 1907 974 1994 ἐπιστήμης
1009 1902 1254 1997 ἇφωρισμένιμ.

96 2013 247 2080 Concinit
269 2014 366 2096 igitur
382 2014 609 2096 Hermagoras,
633 2015 804 2080 stoicorum
822 2012 884 2078 hac
906 2013 939 2076 in
961 2031 995 2078 re
1011 2018 1159 2096 sectator,
1183 2034 1254 2080 cum

95 2115 380 2198 peripateticorum
397 2114 579 2199 disciplina,
595 2135 633 2180 ao
649 2116 793 2198 ueprius
809 2113 939 2198 quidem
955 2114 1168 2182 Aristoteleae
1184 2136 1253 2182 sen-

95 2218 219 2282 tentiae
235 2216 411 2282 membmm
427 2237 447 2282 a
462 2218 572 2283 stoicis
594 2215 798 2300 philosophis
813 2217 954 2282 alienum
976 2235 1046 2284 esse
1070 2216 1207 2284 docete.
1223 2239 1254 2302 g.

95 2319 236 2402 Sopater
259 2318 306 2382 W.
323 2317 350 2382 V
368 2321 416 2399 15,
436 2321 513 2395 153)

184 2420 414 2503 Cognoscimus
437 2420 582 2502 prolecto
606 2417 656 2484 his
679 2418 758 2484 locis
774 2418 970 2484 adiectivum
994 2415 1168 2494 πολιτικὸς
1191 2422 1252 2504 sig·

95 2523 230 2589 nificare
252 2521 302 2606 id,
327 2520 430 2604 quod,
456 2528 491 2585 ut
513 2521 719 2602 intellegatur
742 2520 794 2585 vel
817 2519 937 2586 indicio
961 2519 1167 2605 disceptetur,
1190 2543 1254 2588 non

95 2626 175 2692 artis
206 2623 306 2706 (Sulp.
324 2623 406 2688 Vict.
423 2623 463 2687 Η.
480 2643 511 2706 p.
529 2625 601 2706 313,
625 2623 675 2698 17)
702 2623 798 2688 ullius
825 2642 886 2688 nec
915 2623 1070 2688 scientiae
1097 2624 1253 2689 auxilium
1294 2616 1297 2685 j

96 2727 270 2806 desiderat,
295 2724 353 2790 sed
372 2726 532 2791 communi
555 2744 651 2791 sensu
673 2759 715 2768 —
739 2723 800 2790 hoo
823 2725 906 2788 enim
931 2744 1042 2790 omnes
1064 2726 1254 2809 interpretes

96 2829 281 2895 habent-
303 2828 427 2910 percipi
449 2833 570 2912 potest3
600 2847 663 2910 quo
687 2825 736 2908 nt,
767 2832 802 2891 ut
828 2827 923 2892 etiam
946 2827 1073 2912 generis
1096 2827 1253 2892 laudativi

95 2931 234 2997 materia
249 2928 310 2995 hac
325 2928 509 2994 definitione
526 2927 825 3012 comprehendatur,
849 2929 947 2994 missa
965 2929 1141 2994 offensione
1164 2931 1253 2995 vocis

99 3027 234 3119 ζῆτημα.
272 3031 417 3114 Apparet
440 3031 536 3114 igitur
558 3031 646 3115 apud
665 3029 893 3112 Hermagoram
917 3031 1064 3096 latiorem
1088 3049 1159 3097 esse
1183 3051 1253 3098 sen-

96 3157 166 3205 sum
197 3135 286 3201 vocis
316 3129 521 3210 πολιτικὸς4)
550 3137 622 3211 (nec
654 3133 757 3198 minus
791 3133 879 3198 vocis
911 3123 1050 3198 ‘civilis'
1082 3153 1103 3198 a
1130 3134 1252 3200 Latinis

186 3275 209 3333 1)
228 3267 407 3333 Testimonia,
432 3279 501 3334 quae
521 3264 556 3318 ad
574 3263 733 3332 Dionysium
752 3268 778 3318 et
795 3263 988 3332 Hermogenem
1008 3268 1141 3334 spectant,
1161 3281 1253 3334 quam·

95 3351 136 3405 ris
154 3350 195 3404 vel
213 3347 259 3401 hic
276 3347 392 3413 valeant,
410 3347 457 3400 ubi
475 3346 508 3400 de
527 3345 570 3400 his
588 3344 656 3414 ipsis
675 3344 802 3408 dicemus,
823 3349 919 3399 notare
937 3345 1089 3400 maluimus.

184 3437 208 3497 1)
228 3430 268 3483 Gt.
288 3430 401 3495 Striller,
420 3431 453 3484 de
471 3429 548 3484 stuic.
569 3428 639 3484 stud.
657 3428 726 3482 rhet.
742 3431 808 3482 1886
826 3443 854 3497 p.
871 3433 910 3483 19.

182 3521 208 3583 3)
227 3515 268 3570 Cf.
288 3513 354 3569 Cic.
373 3514 406 3566 de
424 3515 503 3567 ο1.11
518 3518 558 3579 16,
571 3518 603 3568 68
622 3509 766 3582 ‘Equidem
779 3515 867 3568 omnia
885 3528 954 3582 quae
973 3515 1108 3583 pertinent
1126 3515 1160 3568 ad
1173 3530 1251 3570 usum

96 3600 201 3663 civium,
219 3611 322 3650 morem
340 3595 485 3659 hominum,
504 3610 572 3662 quae
584 3600 728 3649 versantur
744 3597 772 3648 in
791 3595 987 3649 consuetudine
1004 3596 1082 3661 vitae,
1101 3596 1128 3648 in
1146 3596 1251 3650 ratione

94 3677 269 3748 reipublicae,
286 3679 314 3731 ln
332 3676 384 3731 hac
401 3674 531 3730 societate
549 3674 629 3742 civili,
646 3675 674 3728 in
687 3690 768 3730 sensu
780 3675 917 3730 hominum
936 3675 1078 3742 communi,
1096 3675 1125 3730 in
1143 3683 1250 3742 natura,

95 3760 123 3814 in
141 3757 277 3822 moribus,
300 3754 549 3826 comprehendenda
567 3769 627 3809 esse
644 3755 747 3811 oratori
765 3749 857 3826 puto'3
877 3771 946 3824 quae
962 3757 1044 3810 rerba
1061 3755 1096 3810 ad
1114 3755 1251 3811 illustran-

94 3841 159 3894 dum
178 3837 251 3891 hunc
268 3836 375 3890 dicendi
392 3851 472 3891 usum
490 3841 555 3906 apta
572 3850 632 3890 esse
649 3841 724 3904 puto,
742 3852 793 3890 nec
814 3853 876 3892 vero
895 3837 972 3905 quasi
989 3836 1081 3905 placiti
1098 3841 1194 3892 tenent
1211 3837 1250 3892 lo·

94 3936 156 3976 cum
169 3918 306 3974 rhetorici.

181 4004 207 4064 1)
225 4000 382 4068 Anonymus
408 3997 558 4066 Aphthonii
585 3995 734 4052 scholiasta
761 3996 834 4065 apud
862 3997 962 4066 Speng.
991 4002 1043 4052 art.
1070 4011 1123 4050 ser.
1149 4015 1175 4065 p.
1201 4000 1250 4050 226

92 4081 150 4150 (W.
171 4079 199 4132 ll
223 4081 281 4146 683)
305 4079 498 4146 Hermagoram
521 4076 664 4146 scripsisse
690 4080 805 4131 testatur
829 4071 978 4147 πολιτικὴν
1002 4075 1110 4148 τέχνην.
1151 4076 1249 4132 Nescio

145 4172 259 4228 Leipzlger
272 4171 373 4217 Studien.
398 4171 451 4216 XV.
1065 4165 1094 4214 ll
