3004 4886
216 317 277 374 258
640 310 752 366 Carolus
771 308 977 364 Brandstaetter

213 490 285 574 pari
312 488 353 553 de
376 488 416 553 iis
446 483 627 567 epidicticis
656 484 851 564 oratoribus,
881 483 950 565 qui
979 488 1106 546 totum
1135 479 1311 546 studium
1335 481 1386 546 in

214 588 530 675 pulchritudine
560 587 822 652 illuminatae
845 587 951 651 omni
981 585 1096 649 modo
1124 585 1386 652 elocutionis

215 701 398 760 etvanae
422 691 720 758 sententiarum
743 690 1111 754 nitoreactumore
1134 693 1387 751 consumunt

215 795 421 876 simulque
451 797 580 858 artem
609 792 737 874 magis
767 791 970 873 exemplis
1000 789 1234 872 propositis
1261 808 1385 871 quam

215 917 287 982 per
317 895 485 978 regulas
516 893 682 960 tradere
711 891 896 974 student,
925 892 977 957 cui
1000 891 1192 957 substantivi
1214 890 1384 974 significa-

218 999 298 1064 tioni
320 1016 450 1081 prorsus
473 996 623 1062 convenit
644 995 694 1061 vis
717 993 921 1060 adiectivi
944 991 1150 1080 σοφιστικός.

302 1100 371 1166 lam
392 1105 428 1164 ut
442 1097 485 1164 ad
507 1103 652 1179 totam,
676 1117 772 1179 quam
795 1097 916 1188 emensi
939 1116 1058 1179 sumus,
1083 1096 1170 1160 viam
1194 1095 1303 1162 oculos
1326 1115 1380 1160 re-

217 1205 377 1283 feramus,
408 1201 489 1266 haec
512 1200 580 1266 fere
603 1199 773 1265 statuenda
794 1197 875 1262 mihi
897 1197 1062 1264 videntur:
1085 1197 1196 1280 Usque
1218 1197 1262 1264 ad
1284 1216 1380 1262 sae-

217 1307 301 1372 culi
317 1326 346 1370 a.
363 1303 451 1370 Chr.
467 1324 498 1368 n.
514 1302 653 1384 quarti
677 1302 828 1366 exitum
849 1299 1064 1385 sophistarum
1087 1320 1204 1366 nomen
1227 1301 1382 1366 doctores

217 1410 292 1476 illos
315 1408 418 1473 omnis
441 1405 548 1472 civilis
571 1404 751 1487 sapientiae
773 1403 950 1487 significat,
980 1410 1077 1486 atque
1099 1404 1146 1468 ita
1168 1401 1319 1486 quidem,
1344 1410 1383 1466 ut

218 1512 241 1576 ii
264 1530 306 1576 ex
327 1507 390 1574 hoc
412 1526 562 1586 numero,
593 1506 648 1588 qui
671 1505 829 1589 imprimis
852 1505 1031 1572 rhetoricae
1054 1504 1221 1570 docendae
1244 1524 1379 1587 operam

217 1616 355 1691 navant,
384 1629 448 1674 una
470 1607 797 1690 comprehendantur,
826 1627 884 1690 per
906 1626 941 1672 se
964 1627 1042 1674 vero
1065 1627 1104 1673 ac
1125 1607 1210 1673 nude
1236 1607 1380 1690 positum

219 1713 282 1794 vel,
307 1710 394 1793 quod
417 1708 563 1790 dicimus,
586 1709 734 1776 technice
756 1729 872 1776 nomen
895 1709 1059 1793 sophistae
1080 1710 1150 1775 sive
1173 1710 1277 1775 solum
1298 1711 1380 1776 artis

220 1815 407 1896 magistrum
431 1813 501 1878 sive
529 1812 735 1894 epidicticnm
766 1819 925 1878 oratorem
956 1818 1067 1878 notare
1098 1812 1290 1878 testimoniis
1313 1832 1379 1876 non

219 1916 361 2000 potuerit
386 1913 609 1981 demonstrari.
653 1913 751 1997 Apud
774 1915 991 1996 Epicurum
1019 1915 1157 1998 primum
1180 1934 1218 1980 ac
1241 1913 1379 1980 fortasse

221 2018 353 2102 proprio
380 2014 474 2082 huius
497 2022 604 2082 sectae
633 2035 721 2080 more
749 2035 865 2081 nomen
887 2015 1052 2098 sophistae
1073 2018 1106 2080 in
1127 2035 1261 2098 regnum
1284 2016 1378 2098 quasi

221 2119 402 2186 rhetoricae
425 2119 471 2184 ita
492 2119 626 2198 transiit,
650 2123 685 2182 ut
700 2117 848 2200 deposita
869 2119 983 2185 latiore
1005 2119 1062 2184 illa
1083 2124 1241 2202 potestate
1263 2138 1380 2200 accep-

222 2231 319 2306 taque
349 2222 533 2304 angustiore
555 2221 589 2287 vi
610 2219 757 2288 technice
785 2222 1028 2306 epidicticarum
1058 2224 1237 2288 orationum
1260 2221 1380 2288 artifex

222 2325 388 2392 docendae
411 2323 506 2390 simul
528 2323 589 2388 arti
611 2322 759 2389 addictus
787 2332 987 2408 nuncupetur
1010 2322 1188 2410 σοφιστής,
1218 2323 1379 2406 opposito,

223 2430 278 2512 qui
301 2421 475 2499 πολιτικὸς
504 2424 611 2506 audit,
641 2431 766 2490 oratore
795 2428 927 2492 civili.
972 2428 1034 2493 Hic
1062 2448 1135 2494 usus
1165 2427 1251 2490 haud
1280 2425 1380 2490 dubie

222 2527 411 2611 perduravit
432 2525 519 2608 apud
543 2525 627 2591 horti
649 2526 876 2611 philosophos,
905 2530 1058 2611 probatus
1084 2532 1197 2610 etiam,
1225 2532 1379 2610 qnantum

223 2649 265 2694 ex
289 2629 506 2695 voluminibus
529 2628 821 2696 Herculanensibus
850 2630 1014 2714 videmus,
1044 2651 1152 2696 eorum
1182 2629 1379 2696 advorsa-

224 2733 315 2810 riis,
339 2730 381 2796 ad
398 2730 579 2796 Philodemi
602 2738 764 2814 tempora;
787 2752 980 2816 quamquam
1002 2735 1099 2800 etiam
1121 2734 1299 2817 amplius
1321 2750 1381 2814 per

224 2835 425 2900 interiectum
455 2835 608 2916 temporis
636 2834 774 2915 spatium
798 2871 839 2882 -
862 2836 949 2917 qnod
978 2843 1106 2920 propter
1127 2837 1262 2904 fontium
1285 2837 1380 2904 huius

103 2983 108 2988 -
224 2937 342 3002 aetatis
365 2936 508 3017 inopiam
524 2941 611 3001 certo
627 2935 838 3002 demonstrari
859 2939 1026 3020 nequit-
1043 2937 1125 3006 hanc
1140 2941 1267 3006 termini
1291 2959 1380 3006 usur-

224 3039 387 3122 pationem
417 3043 567 3118 vagatam
597 3057 667 3104 esse
696 3046 837 3104 nonest
865 3060 920 3105 cur
950 3061 1113 3124 negemus.
1164 3041 1381 3110 Strabonis

225 3146 331 3206 autem
349 3139 451 3203 Dion
459 3139 623 3221 ysiique
639 3140 794 3222 imprimis
811 3147 978 3225 eteorum,
1000 3145 1055 3226 qni
1070 3151 1163 3227 post
1179 3164 1381 3227 eamusque

226 3241 270 3308 ad
293 3240 434 3306 mediam
456 3241 551 3324 primi
568 3262 598 3324 p.
615 3240 688 3308 Chr.
705 3263 734 3307 n.
752 3245 873 3308 saeculi
894 3251 1019 3327 partem
1043 3247 1232 3314 exstiterunt
1253 3247 1286 3312 in
1308 3247 1381 3314 rhe-

227 3344 328 3410 torica
344 3342 525 3425 disciplina,
548 3344 737 3426 scriptorum
759 3347 838 3412 satis
856 3348 965 3414 multis
980 3349 1059 3416 locis
1075 3383 1116 3396 -—
1131 3349 1246 3432 quibus
1269 3349 1381 3433 demp-

227 3446 317 3528 seris,
341 3464 445 3528 spem,
469 3445 602 3529 nullum,
625 3446 790 3514 addideris
813 3449 947 3516 fortasse
970 3451 1078 3533 plures
1097 3452 1306 3518 ——discimus
1330 3451 1382 3519 his

227 3549 308 3631 ipsis
331 3547 528 3629 temporibus
559 3546 712 3630 sophistis
740 3551 941 3633 potissimum
964 3573 1022 3637 per
1044 3573 1078 3620 se
1102 3556 1194 3637 quasi
1216 3555 1383 3638 propriam

226 3649 464 3733 possessionem
487 3649 617 3714 attribui
643 3650 832 3733 simpliciter
853 3661 954 3718 artem
978 3655 1181 3739 epidictieam
1206 3663 1238 3722 et
1260 3655 1383 3722 techni-

228 3771 298 3816 cam
322 3750 502 3816 rhetoricae
524 3752 760 3834 tractationem,
791 3761 825 3818 ut
847 3761 879 3820 et
900 3757 1161 3824 artificiosus
1190 3765 1328 3824 orator
1351 3767 1385 3824 et

227 3854 331 3918 artis
348 3852 490 3918 doctor
506 3854 676 3937 proprio
695 3856 823 3922 nomine
840 3859 1006 3942 σοφιστοῦ
1027 3866 1162 3942 notetur,
1185 3861 1385 3930 adiectivum

114 3979 115 3982 ¹
229 3950 426 4039 σοφιστικὸς
442 3954 483 4020 de
503 3953 669 4022 rhetoricis
691 3959 785 4024 rebus
808 3957 987 4026 adhibitum
1010 3969 1137 4026 servato
1154 3963 1385 4046 Epicureorum

229 4077 288 4121 usu
312 4057 396 4122 idem
413 4056 523 4122 valeat
545 4065 641 4139 atque
661 4051 742 4124 ‘arte
765 4061 893 4143 tactum,
915 4061 956 4126 ad
974 4065 1219 4132 ostentationem
1241 4065 1384 4134 delecta-
