2990 4886
249 311 309 368 160
658 311 771 366 Carolus
790 311 993 367 Brandstaetter

249 483 474 548 διατίθεσθαι
501 479 586 546 κατὰ
615 480 652 547 τὸ
685 481 896 565 ἕνδεχόμινον
926 486 1107 560 νιειστικιῦς
1141 506 1213 552 cum
1246 487 1303 550 alii
1338 493 1410 551 tum
1483 495 1484 556 ζ

250 587 366 652 Sextus
396 586 493 651 refert
521 607 552 670 p.
570 589 649 666 687,
680 591 727 651 17.
772 587 839 651 Iam
869 589 896 653 si
925 589 1122 670 quaerimus,
1152 588 1313 671 quomodo
1343 588 1412 654 hac

250 687 436 754 definitione
458 690 595 771 probata
617 689 833 772 Hermagoras
856 709 956 772 genus
980 686 1202 754 ἐπιδεικτικὸν
1224 687 1412 758 rhetoricae
1483 687 1484 758 ?

250 791 389 856 tribuere
412 789 566 872 potuerit,
590 791 676 873 quod
703 791 818 858 secisse
842 810 914 878 eum
937 797 1071 857 testatur
1093 812 1165 858 cum
1187 793 1311 860 Latinis
1333 793 1410 860 rhe-
1483 805 1484 890 ,

250 891 371 956 toribus
394 890 531 974 Sopater
553 892 598 956 W.
615 892 658 956 IV
674 895 731 974 63,
758 897 812 975 10,
836 913 876 959 ne
899 913 960 976 ego
984 893 1132 976 quidem,
1162 896 1275 978 siquo
1298 895 1411 961 adhuc
1483 895 1484 952 ἶ

251 993 431 1059 invenimus
460 1013 555 1060 sensu
576 993 773 1059 adiectivum
797 991 971 1070 πολιτικὸς
994 997 1136 1080 accipio,
1167 999 1245 1063 satis
1272 1017 1409 1081 possum
1483 1005 1484 1054 1

178 1079 183 1092 ’
251 1095 405 1178 expedire
428 1115 620 1179 prorsusque
642 1097 743 1178 probo
768 1096 904 1162 Fabium
930 1097 1089 1163 dicentem
1121 1099 1203 1176 (inst.
1220 1099 1252 1163 ΙΙ
1271 1104 1318 1180 15,
1335 1103 1408 1171 aot:
1483 1177 1484 1180 Ἴ

189 1173 197 1292 f
247 1190 350 1262 ‘lttud
385 1197 426 1262 de
455 1199 618 1278 omnibus,
654 1200 707 1281 qui
738 1199 823 1264 circa
852 1200 1003 1284 civiles
1036 1199 1165 1264 demum
1199 1204 1408 1284 quaestiones
1483 1191 1484 1226 ³

251 1306 408 1366 oratorem
433 1299 576 1366 indicant
597 1302 736 1381 versari,
761 1300 881 1366 dictum
903 1302 953 1384 sit,
977 1302 1106 1367 excludi
1129 1303 1169 1367 ab
1193 1303 1243 1369 bis
1266 1305 1409 1387 plurima
1483 1297 1484 1306 ’

201 1413 204 1457 t
250 1403 384 1468 oratoris
408 1401 527 1468 officia:
556 1403 645 1466 illam
668 1410 754 1468 certe
783 1403 982 1468 laudativam
1011 1409 1126 1486 totam,
1156 1425 1239 1488 quae
1263 1415 1311 1471 est
1333 1406 1408 1472 rhe-

251 1506 371 1570 toricae
394 1524 468 1588 pars
484 1495 605 1570 tertia’.
651 1505 733 1568 Nam
750 1511 783 1569 ut
806 1511 929 1570 taceam
952 1507 1042 1570 illam
1065 1507 1282 1591 offensionem,
1307 1527 1407 1589 quam

250 1606 383 1690 praebet
413 1626 490 1672 vox
520 1602 691 1690 ζήτημα,
724 1607 802 1672 satis
831 1608 896 1672 iam
924 1609 1124 1691 perstrictam
1153 1608 1333 1693 aSopatro
1357 1611 1408 1675 W.
1483 1651 1484 1696 ,

251 1708 279 1771 V
308 1711 362 1789 to,
379 1710 416 1771 21
434 1711 470 1790 ¹),
499 1715 534 1773 ut
556 1709 700 1772 omittam
730 1709 818 1772 illam
849 1710 1067 1791 quaestionem
1090 1711 1131 1775 de
1154 1709 1342 1776 thesibus
1365 1713 1407 1776 ab

252 1809 451 1892 Hermagora
473 1809 653 1876 rhetoricae
676 1810 862 1893 vindicatis,
892 1831 988 1894 qnam
1010 1813 1177 1894 praeteriri
1201 1812 1253 1878 bic
1275 1814 1408 1878 omnino
1483 1823 1484 1900 }

250 1911 349 1976 satius
371 1912 476 1992 fuerit,
500 1932 596 1994 quam
619 1919 770 1978 attactam
794 1913 900 1978 deseri
914 1916 936 1990 ²)
960 1947 1001 1958 -
1023 1933 1063 1978 ne
1086 1914 1281 1980 adiectivum
1304 1916 1407 1978 πολι·
1483 1917 1484 1998 i

249 2010 341 2088 τινὸς
363 2015 494 2095 quidem
518 2034 573 2098 ea,
597 2035 660 2097 qua
681 2014 803 2098 adbuc,
830 2021 988 2098 potestate
1012 2024 1140 2081 servata
1162 2035 1290 2100 prorsus
1312 2019 1407 2082 satis-
1483 2009 1484 2096 ζ

250 2115 357 2182 facere
387 2122 509 2198 potest,
540 2117 690 2198 quoniam
721 2119 855 2182 materia
884 2117 1046 2199 epidictioi
1071 2119 1199 2183 minime
1228 2119 1334 2200 posita
1357 2129 1408 2184 est
1483 2103 1484 2190 1

251 2219 283 2281 in
299 2218 338 2283 iis
354 2218 431 2283 solis
447 2219 652 2300 rebus,qnae
668 2225 813 2303 spectant
828 2219 869 2282 ad
886 2221 971 2284 vitae
988 2221 1136 2302 publicae
1151 2222 1289 2302 negotia,
1307 2222 1406 2287 immo

250 2325 305 2384 aut
334 2339 398 2384 non
427 2317 709 2402 comprehenditur
730 2327 786 2385 aut
814 2327 935 2385 tantum
959 2341 1000 2387 ex
1022 2329 1123 2404 parte.
1168 2323 1211 2387 At
1236 2323 1406 2390 audiamus
1483 2313 1484 2400 ]

250 2422 460 2486 Aurelium
483 2422 768 2503 augustinum,
792 2423 847 2504 qui
871 2421 951 2489 haee
974 2422 1106 2488 exbibet
1128 2423 1246 2500 (Halm.
1270 2424 1351 2490 rhet.
1369 2428 1404 2492 t.

251 2524 326 2587 min.
349 2545 380 2607 p.
400 2525 469 2601 138,
486 2526 554 2599 3111
574 2513 670 2587 ‘Sunt
684 2529 790 2588 autem
808 2525 953 2590 civiles
969 2527 1254 2610 quaestiones,
1271 2545 1406 2609 quarum

251 2626 432 2709 perspectio
462 2625 494 2688 in
524 2644 769 2690 communem
801 2627 924 2690 animi
958 2628 1266 2709 conceptionem
1299 2637 1407 2713 potest
1483 2657 1484 2722 j

153 2721 160 2729 ’
251 2725 378 2807 cadere,
402 2723 900 2812 (1110111111εοίκοινὴνὲννοιαν
925 2721 1067 2810 vocant',
1091 2730 1144 2794 vel
1164 2723 1286 2794 ‘omnia
1308 2751 1405 2814 quae·
1483 2743 1484 2816 1

251 2848 388 2911 cumque
418 2828 511 2894 buius
535 2827 622 2893 modi
645 2837 732 2909 sunt,
762 2835 797 2892 ut
825 2849 864 2893 ea
886 2830 1009 2894 nescire
1037 2831 1155 2912 pudori
1178 2833 1234 2914 sit,
1267 2839 1299 2897 et
1321 2854 1406 2916 quae

250 2931 304 2995 vel
333 2932 534 3013 ignorantes,
564 2931 656 3012 quasi
685 2931 822 2996 sciamus
852 2938 975 3011 tamen,
1007 2951 1078 2995 cum
1100 2933 1303 3000 simulatione
1326 2956 1404 3018 prae
1483 2943 1484 3024 1

250 3033 343 3096 nobis
356 3032 495 3113 ierimus,
509 3032 781 3115 quotienscunque
794 3033 826 3096 in
838 3031 1069 3097 dubitationem
1083 3041 1245 3116 vocantur,
1263 3035 1406 3103 efficiunt
1483 3045 1484 3122 ξ

251 3135 380 3199 civitem
396 3124 644 3216 quaestionem',
666 3140 698 3198 11
712 3138 755 3216 (p.
772 3137 843 3214 139,
862 3135 911 3209 18)
926 3127 1059 3200 ‘idcirco
1083 3155 1166 3218 quae
1188 3137 1404 3208 dubitationes

251 3236 284 3300 in
307 3235 401 3302 huius
417 3235 505 3300 modi
521 3235 615 3300 rebus
632 3235 711 3312 (scil.
735 3235 847 3317 quates
863 3234 1033 3318 descripsit
1049 3257 1078 3301 v.
1100 3240 1403 3326 11-18101111111111,

171 3377 174 3403 t
251 3339 402 3404 civiles
433 3343 634 3404 vocantur
663 3336 945 3418 quaestiones,
975 3339 1068 3419 quasi
1097 3345 1404 3434 non-propriae

251 3459 483 3523 paucorum,
516 3435 1136 3524 sedcommunesuniversorum
1161 3449 1406 3524 quaecumita
1483 3455 1484 3520 1

181 3516 184 3555 ²
251 3543 324 3623 sint,
347 3541 461 3605 merito
478 3541 692 3624 quaestiones,
717 3559 798 3622 quae
814 3541 934 3623 κοινῇ
956 3537 1096 3626 ἐννοίᾳ
1118 3541 1316 3627 deprehendi
1332 3568 1405 3631 pos·

341 3746 363 3806 1)
381 3739 421 3794 cf.
446 3741 600 3808 praeterea,
626 3755 695 3808 quae
722 3740 755 3792 de
782 3735 943 3811 ζητήματος
965 3742 1074 3796 notione
1096 3743 1223 3811 exposuit
1245 3745 1277 3801 G.
1303 3746 1406 3816 Thiale,

250 3827 430 3894 Hermagoras
447 3840 473 3893 p.
487 3827 597 3892 11-16,
615 3841 641 3894 p.
657 3829 713 3888 118,
731 3841 758 3894 p.
775 3827 831 3879 183.

338 3915 362 3976 1)
382 3909 423 3965 Cf.
438 3909 492 3962 Cic.
512 3908 545 3964 do
567 3910 621 3963 iuv.
634 3909 647 3962 I
661 3913 684 3973 8,
698 3913 723 3963 8.
750 3909 861 3976 Quintil.
880 3909 1091 3976 1111111111.
1117 3913 1208 3969 Aurei.
1227 3914 1296 3982 Aug.
1316 3913 1406 3970 Halm.

251 4015 279 4067 p.
295 4002 350 4050 111).
382 3995 552 4060 Harnecker‚
579 3995 669 4050 annai.
689 3995 755 4064 phil.
778 3997 855 4059 1885,
883 3998 915 4048 69
927 4011 985 4066 sqq.
1005 3995 1121 4063 Stritler,
1142 3999 1229 4055 Bresl.
1247 3999 1313 4067 phil.
1334 3999 1408 4054 Abh.

254 4086 327 4147 1886,
349 4086 387 4135 te.
420 4080 450 4133 G.
465 4079 567 4146 Thtele,
586 4081 764 4148 Hermagoras
784 4097 810 4149 p.
825 4083 935 4134 11-33.
