3004 4886
703 1147 847 1216 CAPUT
869 1147 910 1212 Il.

402 1313 460 1392 Dc
486 1315 692 1394 notionibus
719 1315 897 1413 σοφιστὴς
924 1321 961 1392 ct
986 1322 1212 1411 σοφιστικός.

316 1486 383 1552 lam
415 1494 614 1554 transeamus
643 1487 686 1553 ad
714 1487 849 1552 alteram
879 1493 1012 1570 partem.
1057 1486 1129 1552 Non
1159 1486 1264 1552 minus
1288 1487 1385 1568 enim,

231 1609 327 1672 quam
350 1590 495 1656 notiones
518 1587 689 1653 πολιπκοῦ
712 1585 810 1671 λόγου
840 1594 872 1654 et
897 1588 1051 1655 adieetivi
1079 1583 1253 1660 πολιτικὸς
1286 1588 1386 1654 etiam

230 1690 377 1756 notiones
402 1692 567 1775 σοφιστοῦ
591 1698 623 1757 et
644 1690 798 1756 adiectivi
823 1683 1020 1775 ooqsursadg
1043 1689 1161 1772 dignae
1190 1687 1269 1754 mihi
1292 1690 1384 1756 visae

230 1798 312 1875 sunt,
336 1811 428 1875 qnae,
457 1799 609 1876 quantum
633 1791 763 1875 quidem
786 1792 828 1857 ad
851 1791 1044 1859 rhetoricam
1067 1797 1224 1875 spectant,
1253 1810 1385 1858 accura-

230 1893 302 1975 tius,
327 1913 421 1977 quam
445 1893 552 1960 adhuc
574 1895 693 1960 factum
717 1900 780 1976 est,
804 1900 1031 1976 tractarentur,
1060 1899 1156 1975 atque
1179 1893 1238 1976 ita,
1262 1899 1385 1960 utnon

229 1995 323 2060 aliter
345 2003 442 2078 atque
465 1996 498 2084 in
521 1996 627 2079 priore
650 1995 756 2078 capite
779 2002 846 2060 tota
869 1995 1041 2079 disciplina
1069 1993 1231 2061 rhetorica
1253 1995 1286 2059 in
1309 2015 1384 2061 cen·
1487 2009 1488 2042 ³

229 2115 299 2160 snm
317 2103 432 2162 vocata
454 2097 544 2179 origo
568 2097 660 2179 quasi
685 2103 717 2162 et
738 2097 806 2161 sata
822 2096 933 2162 harum
955 2097 1119 2163 notionum
1142 2096 1184 2163 ad
1201 2103 1383 2181 temporum

229 2197 386 2263 rationem
402 2198 561 2280 disposita
576 2198 820 2264 illustrarentur.
864 2198 947 2263 Nam
970 2205 1005 2264 ut
1020 2199 1161 2264 maxime
1176 2199 1267 2264 varia
1282 2200 1381 2265 variis

229 2300 426 2384 temporibus
456 2301 489 2364 ui
516 2298 596 2365 haec
626 2301 785 2366 vocabula
813 2320 833 2364 a
861 2299 1068 2383 scriptoribus
1090 2299 1297 2383 adhibentur,
1327 2301 1384 2382 ita,

228 2400 316 2483 quod
340 2402 514 2485 praecipue
543 2401 585 2467 ad
614 2400 778 2468 historiam
809 2403 1013 2485 eloquentiae
1042 2402 1143 2468 etad
1172 2401 1377 2485 partitionem
1488 2447 1489 2462 .

227 2523 381 2586 generum
405 2523 572 2569 causarum
595 2505 724 2587 attinet,
754 2505 965 2588 principalem
992 2505 1075 2570 inter
1098 2505 1251 2570 terminos
1272 2503 1380 2569 rheto-

227 2606 311 2671 ricos
340 2606 445 2671 locum
476 2625 604 2688 semper
630 2612 807 2672 tenuerunt.
852 2607 901 2673 Ac
929 2606 1066 2672 fortasse
1094 2605 1218 2688 aliquid
1248 2604 1379 2671 demon·

228 2715 329 2774 strare
345 2709 517 2790 continget,
541 2707 628 2790 quod
651 2728 714 2774 nou
730 2708 848 2774 nullius
864 2709 905 2774 sit
919 2709 1071 2772 momenti
1087 2707 1129 2773 ad
1145 2709 1212 2772 uni
1223 2727 1380 2774 versam

227 2810 404 2876 litterarum
428 2808 594 2876 historiam
616 2817 702 2876 recte
725 2811 985 2894 intellegendam.
1031 2809 1080 2876 De
1103 2809 1271 2891 subsidiis,
1295 2830 1379 2892 quae

228 2911 307 2977 mihi
330 2919 458 2995 praesto
481 2912 617 2995 luerunt,
641 2912 789 2979 hocloco
811 2934 874 2979 non
891 2912 1007 2995 habeo,
1030 2912 1117 2995 quod
1135 2931 1292 2996 moneam,
1315 2913 1378 2980 nisi

204 3015 376 3082 'Oresollii
398 3015 525 3097 librum,
549 3021 719 3099 postquam
745 3017 924 3099 pervolavi,
948 3016 1023 3081 ilico
1047 3035 1097 3082 me
1121 3015 1314 3098 seposuisse,
1338 3035 1379 3082 ne

227 3118 296 3182 eius
320 3117 506 3182 confusione
530 3117 600 3200 ipse
623 3117 846 3183 confunderer.

313 3218 381 3284 Iam
405 3225 438 3283 ut
460 3219 567 3284 missis
590 3219 799 3302 praelationis
821 3219 1011 3301 ambagibus
1033 3217 1268 3300 aggrediamur,
1291 3219 1379 3302 quod

226 3321 319 3387 nobis
352 3322 596 3406 proposuimus,
630 3343 650 3387 a
678 3322 773 3388 rebus
804 3341 887 3386 nunc
921 3320 1051 3386 tandem
1073 3321 1171 3404 paulo
1200 3321 1378 3387 notioribus

227 3425 408 3508 rectiusque
431 3424 608 3507 perspectis
631 3423 897 3507 proficiscendum
921 3430 978 3505 est,
1002 3429 1036 3488 ut
1052 3423 1147 3489 certis
1161 3422 1378 3489 fundamentis

227 3528 373 3592 nitamur.
412 3527 586 3609 Postquam
609 3528 693 3592 euim
717 3527 749 3590 M
757 3526 963 3593 einersius
978 3529 999 3602 ¹)
1019 3527 1168 3609 princeps
1185 3525 1311 3591 veriora
1335 3525 1376 3592 de

226 3630 328 3712 primo
352 3628 409 3695 illo
432 3628 648 3712 sophistarum
671 3648 789 3712 genere
812 3628 929 3696 dooere
952 3629 1059 3712 coepit
1088 3634 1120 3693 et
1143 3626 1177 3693 (l.
1201 3627 1253 3692 Fr.
1277 3627 1376 3694 Her·

226 3733 425 3809 mannus²)
456 3731 600 3814 saniore,
628 3750 724 3814 quam
753 3731 928 3814 antiquitus
957 3730 1135 3811 assolebat,
1170 3728 1290 3795 iudicio
1319 3729 1378 3795 ad-

315 3919 338 3980 l)
356 3914 455 3969 Gesch.
468 3913 493 3969 d.
507 3913 609 3983 Urspr,
623 3914 775 3983 Fortgangs
788 3931 814 3969 u.
825 3913 941 3969 Verialls
954 3913 1002 3968 der
1013 3913 1179 3969 Wissenuch.
1190 3911 1219 3966 in
1232 3913 1378 3968 Griechen·

225 4002 288 4057 land
306 4018 333 4056 u.
352 4000 430 4067 Rom,
447 3999 548 4068 Lemgo
568 4003 633 4054 1782
651 3999 685 4065 11,
703 3999 848 4070 praecipue
864 4017 890 4068 p.
907 4002 963 4053 172.

311 4090 336 4153 2)
356 4085 453 4142 Gesch.
473 4103 499 4142 u.
519 4085 588 4155 Syst.
607 4086 633 4140 d.
652 4086 717 4154 plat.
735 4085 836 4141 Philos.
856 4084 978 4139 Heidelb.
1001 4087 1064 4138 1839
1082 4082 1095 4136 I
1113 4099 1138 4153 p.
1153 4086 1270 4152 204sqq.
