2990 4886
288 334 330 390 De
348 337 486 392 notionum
505 330 651 402 πολιτικὸς
669 341 696 390 et
714 331 851 409 σοφιστὴς
868 352 922 391 usu
937 337 1081 394 rhetorice.
1201 337 1260 394 149

112 514 254 574 curatam
284 527 389 574 rerum
420 509 662 592 dispositionem
692 528 822 576 servare
847 508 996 575 studebat
1020 515 1051 574 et
1073 514 1160 577 trans
1182 509 1261 578 fines

111 610 201 675 initio
224 593 416 677 constitutos
436 611 566 676 nolebat
588 612 711 694 vagari.
751 610 817 676 Sed
840 611 917 693 quia
938 610 992 676 hio
1014 631 1190 694 anonymus
1213 619 1263 678 est

110 711 289 778 rhetoricae
303 712 457 794 magister
472 713 603 778 utilitati
618 731 707 778 suam
722 719 823 778 artem
843 712 1090 780 accommodans
1113 720 1261 797 totusque

110 814 142 876 in
164 814 284 895 regulis
300 812 476 896 tradendis,
498 815 598 880 multo
613 815 718 880 minus
733 813 766 878 id
782 821 915 898 spectat,
939 820 973 880 ut
987 813 1261 899 philosophorum,

110 915 199 980 velut
213 915 395 980 Aristotelis
410 915 444 979 in
460 915 589 981 modum
612 922 697 998 agat,
722 915 776 997 qui
799 935 881 998 quae
904 915 946 980 ad
969 917 1167 998 propositum
1190 935 1260 999 per-

109 1017 219 1098 tinent,
243 1017 351 1082 omnia
374 1035 476 1100 eaque
499 1016 542 1082 ad
565 1024 685 1082 cortuum
708 1015 868 1099 quendam
891 1015 1034 1084 ordinem
1057 1038 1096 1084 ae
1117 1038 1262 1084 normam

109 1117 268 1201 disposita
282 1118 485 1201 proferenda,
509 1139 592 1202 quae
608 1139 628 1184 a
643 1119 807 1201 proposito
829 1120 936 1184 aliena
958 1126 1040 1203 sunt,
1063 1121 1116 1186 vel
1139 1121 1167 1186 si
1190 1141 1262 1187 oum

109 1219 213 1285 fructu
241 1221 460 1302 numerantur,
495 1227 602 1286 tamen
632 1221 804 1302 diligenter
832 1221 969 1286 tacenda
998 1229 1029 1287 et
1058 1222 1263 1289 excludenda

108 1329 241 1388 censent
256 1359 297 1368 -
312 1323 410 1388 immo
427 1322 598 1388 utilitatem
614 1324 757 1406 sequitur
779 1329 941 1404 tamquam
964 1323 1069 1406 legem
1093 1344 1260 1390 summam.

108 1424 182 1489 Non
205 1425 301 1508 igitur
324 1425 438 1490 mirum
462 1425 489 1490 si
505 1427 557 1490 vel
574 1425 721 1507 neglecto
744 1425 880 1490 instituti
903 1425 1037 1490 oonsilio
1060 1446 1123 1492 non
1145 1426 1261 1493 abhor-

107 1527 172 1590 ruit
195 1527 292 1592 etiam
314 1547 335 1592 a
357 1527 543 1593 laudatione
563 1533 594 1592 et
616 1527 862 1610 vituperatione,
885 1546 968 1609 quae
990 1546 1048 1610 per
1070 1547 1104 1594 se
1127 1534 1261 1612 constat,

106 1628 278 1694 traotanda
304 1665 344 1675 -
372 1629 406 1694 id
435 1649 512 1695 vero
541 1649 635 1712 quam
671 1629 875 1712 brevissime,
910 1630 1097 1713 praesertim
1125 1631 1263 1712 probata

106 1729 357 1812 lplelkoleri
387 1727 598 1812 sententia¹);
628 1731 730 1796 solam
759 1732 842 1796 enim
866 1729 1039 1796 hominis
1062 1730 1191 1798 laudem
1214 1752 1262 1798 re-

107 1832 214 1914 spicit.
251 1832 301 1896 Ex
319 1838 411 1915 parte
427 1833 522 1896 etiam
547 1852 585 1898 eo
608 1832 690 1898 haee
713 1851 763 1899 res
786 1837 893 1914 potest
916 1833 1072 1917 excusari,
1099 1834 1185 1916 quod
1209 1835 1262 1900 vel

106 1935 138 1996 in
162 1933 313 2000 ciuilibus
343 1933 429 1998 etin
452 1933 726 2016 iisorationibus,
758 1953 841 2017 quae
870 1935 902 1998 in
931 1934 1108 2000 domestioo
1136 1955 1195 2002 usu
1218 1937 1258 2002 ab

106 2041 239 2101 auctore
255 2054 318 2100 non
334 2035 481 2116 neglecto
500 2043 677 2118 versantur,
702 2035 860 2102 interdum
882 2034 927 2119 fit,
951 2043 986 2101 ut
1006 2036 1150 2102 laudatio
1172 2039 1258 2121 prin·

105 2137 246 2219 eipalem
268 2142 375 2201 teneat
397 2137 514 2219 looum,
538 2138 676 2203 velutin
700 2137 876 2221 epitaphio.
913 2139 956 2203 At
977 2139 1115 2205 sensisse
1138 2158 1173 2204 se
1196 2159 1259 2204 non

105 2257 237 2320 prorsus
259 2236 302 2302 ad
327 2258 393 2303 rem
417 2241 615 2323 propositam
638 2239 722 2306 hune
743 2247 843 2306 totum
866 2245 905 2315 (o.
923 2243 975 2314 35)
997 2245 1167 2306 tractatum
1190 2260 1260 2324 per·

105 2340 209 2404 tinere
231 2358 272 2402 ne
295 2339 364 2420 ipse
388 2341 518 2423 quidem
543 2348 654 2407 auotor
677 2342 776 2423 uelat,
806 2362 876 2408 oum
900 2341 980 2407 dioit
1001 2340 1069 2425 (Sp.
1085 2343 1189 2424 1225,
1208 2344 1258 2418 15)

104 2435 149 2514 ὥς
166 2436 230 2523 γὰρ
247 2437 304 2504 tal
320 2437 358 2505 τὸ
374 2439 462 2506 πολὺ
477 2445 543 2507 τιῦν
559 2441 719 2509 τοιούτων
735 2441 833 2507 aiddu
849 2435 906 2508 οὐκ
921 2435 1058 2528 ἀγῶνος,
1082 2435 1156 2507 ἀλλ’
1183 2442 1260 2509 ἐπι-

105 2539 242 2634 δείξεως
272 2539 364 2607 ἓνεκα
394 2544 547 2627 λέγομεν,
577 2546 632 2611 ubi
655 2547 720 2611 illis
752 2537 857 2628 ἇγιῦσι
880 2545 1039 2628 signifieat
1060 2565 1162 2628 genus
1185 2566 1258 2612 oon·

105 2645 229 2710 tionale
244 2652 277 2710 et
298 2644 450 2712 iudiciale
474 2649 548 2724 (non
563 2649 666 2713 solum
689 2647 850 2724 iudioiale,
877 2647 963 2731 quod
986 2653 1072 2714 reete
1088 2646 1259 2714 Lersohius

105 2745 192 2811 dixit
215 2754 325 2813 eontra
347 2747 555 2831 Spengelium
579 2750 611 2813 in
626 2748 749 2816 Ztsohr.
765 2750 786 2814 l.
803 2748 834 2814 d.
850 2749 945 2814 Altw.
964 2752 1045 2814 1846
1061 2769 1092 2832 p.
1109 2751 1172 2814 934
1188 2751 1257 2831 sq.),

104 2847 145 2913 de
173 2849 288 2930 quibus
312 2869 353 2915 ex
375 2851 519 2916 instituto
542 2851 651 2916 dioere
678 2851 828 2935 suscepit.
872 2851 924 2916 Ad
946 2845 1139 2924 πολιτικοὺς
1162 2851 1259 2932 igitur

104 2947 225 3033 λόγους
256 2949 313 3016 has
342 2971 446 3017 meras
480 2950 680 3020 laudationes
709 2959 742 3019 et
774 2953 1025 3036 vituperationes
1053 2951 1095 3016 ab
1128 2958 1258 3017 auctore

103 3072 267 3136 anonymo
290 3053 450 3118 numerari
472 3073 536 3118 non
559 3061 664 3136 potest
686 3056 825 3140 probari,
848 3057 944 3120 immo
966 3052 1149 3135 negandum
1173 3060 1230 3119 est.

192 3154 266 3219 Mea
295 3154 391 3236 igitur
419 3156 593 3237 sententia,
623 3176 718 3239 quam
740 3156 840 3222 fusius
863 3156 951 3221 volui
974 3174 1152 3238 exponere,
1183 3155 1259 3238 quia

104 3257 189 3324 haee
211 3275 262 3322 res
284 3255 391 3322 adhue
420 3257 540 3339 levius,
570 3278 666 3340 quam
689 3257 844 3342 debebat,
875 3264 960 3323 taeta
982 3264 1045 3342 est,
1076 3257 1172 3324 haee:
1206 3258 1258 3323 Ad

104 3353 361 3432 πολιτικοὺς
383 3355 533 3441 λόγους
555 3359 729 3426 seeundum
752 3366 914 3426 auotorem
945 3357 1038 3425 huius
1060 3359 1164 3424 libelli
1187 3378 1257 3441 per-

103 3463 209 3526 tinent
237 3459 370 3525 solum
398 3479 524 3542 genus
553 3461 874 3528 deliberativum
902 3467 940 3526 et
968 3460 1187 3544 iudiciale,
1216 3480 1259 3526 en

103 3563 276 3646 speciebus
292 3561 448 3629 laudandi
463 3571 495 3630 et
510 3563 714 3648 vituperandi
730 3565 821 3630 initio
844 3563 1100 3630 commemoratis
1123 3583 1186 3629 non
1210 3570 1259 3630 est

103 3663 362 3732 concludendum
379 3666 475 3732 etiam
491 3668 617 3733 tertium
633 3685 734 3750 genus
753 3665 951 3732 laudativum
975 3686 1048 3732 eum
1071 3664 1259 3742 πολιτικοῖς

103 3765 220 3850 λόγοις
242 3765 471 3835 adnumerasse
494 3768 593 3852 (quod
615 3770 687 3836 dieo
714 3769 889 3853 praecipue
910 3773 1041 3851 propter
1064 3765 1195 3844 Quintil.
1211 3768 1260 3832 Ill

195 3932 218 3990 1)
238 3924 300 3977 Die
318 3919 485 3975 Rhetorik
511 3920 568 3974 des
586 3919 811 3974 Anaximenes
835 3919 936 3973 unter
959 3916 1022 3970 den
1039 3915 1185 3970 Werlren
1204 3916 1259 3972 des

103 4008 328 4065 Aristotelea.
364 4005 519 4074 Wuraburg
539 4008 612 4072 1889,
631 4022 657 4074 p.
672 4009 702 4058 47
717 4020 757 4073 sq.
776 4009 803 4058 et
822 4010 850 4058 51
865 4017 916 4071 sq.;
935 4001 969 4056 cl.
992 4001 1073 4055 etiam
1091 4000 1259 4055 Finokhii

102 4095 120 4148 l.
134 4096 151 4150 l.
165 4111 193 4163 p.
208 4099 234 4149 7.
