2990 4886
246 341 286 396 De
304 341 443 398 notionum
462 339 610 407 πολιτικὸς
628 343 656 395 et
674 338 811 413 σοφιστὴς
829 356 880 396 usn
898 342 1041 399 rhetorico.
1165 343 1225 400 179

63 511 138 578 ἐστι
162 516 227 600 τῆς
242 505 403 599 ἀφελείας
425 514 481 578 καὶ
504 515 565 578 τοῦ
588 515 815 600 συγγραφικοῦ.
833 512 960 596 μᾶλλόν
982 511 1082 580 ἐστιν.
1105 536 1136 600 p.
1154 521 1225 600 541,

63 621 104 682 20
121 617 187 695 (W.
207 620 282 692 448)
299 615 332 682 οἱ
348 616 516 682 πολιτικοὶ
534 613 591 681 ἐπὶ
604 617 671 681 τιῦν
690 613 830 693 ἐνδόξων
845 618 901 682 καὶ
922 621 1097 701 γνωρίμων
1119 641 1228 702 πραγ-

63 717 184 801 μάτων
208 707 232 804 ἢ
253 717 448 802 προσώπων
478 711 516 784 οὗ
545 718 777 802 διαποροῦσιν,
800 712 817 783 δ
843 717 879 784 δὲ
909 716 1131 806 συγγραφικὸς
1154 719 1228 785 δια-

65 823 186 902 ποριῦν
204 822 262 887 καὶ
284 833 356 898 τοῖς
372 819 518 898 ἐνδόξοις
541 812 701 908 άφέλειαν
725 818 905 906 ἐργάζεται.
942 823 1034 906 Item,
1056 843 1097 890 ne
1112 824 1227 907 longus

65 926 137 1008 sim,
165 945 223 992 res
246 944 280 992 se
305 924 403 991 habet
423 945 454 1008 p.
472 929 548 1008 547,
566 927 623 1008 25,
641 927 680 990 32
704 932 736 992 et
759 929 836 1008 554,
862 929 901 989 10
925 925 986 1002 (W.
1004 929 1064 990 457
1089 931 1121 992 et
1144 929 1227 1002 465).

64 1027 202 1094 Addere
234 1026 287 1094 hie
315 1028 421 1111 iuvat,
448 1027 534 1111 quod
564 1034 618 1094 tus
641 1034 755 1111 sponte
785 1029 850 1094 iam
872 1029 1066 1112 memineris,
1089 1028 1227 1095 disiunc-

65 1131 190 1196 tionem
216 1130 301 1196 inter
315 1148 412 1196 voees
428 1120 647 1212 ἀγωνιστικὸς
668 1136 701 1195 et
721 1125 884 1215 γραφικὸς
907 1130 983 1196 olim
1006 1130 1227 1196 Aristoteli

66 1231 224 1298 usitatum
249 1231 347 1298 fuisse
361 1233 399 1314 ¹);
422 1231 480 1298 sed
502 1232 600 1316 paulo
623 1232 751 1298 diverso
774 1232 880 1316 modo,
905 1233 1055 1316 quonium
1072 1233 1102 1298 ei
1118 1225 1135 1296 ὁ
1151 1254 1227 1316 γραι

66 1330 170 1415 φικὸς
202 1330 300 1416 λόγος
327 1333 415 1400 idem
438 1341 507 1399 erat
529 1335 704 1399 maximam
726 1340 851 1417 partem
873 1340 971 1418 atque
995 1325 1227 1412 duodecumas,

66 1427 291 1516 ἀγωνιστικὸς
322 1434 408 1502 idem
437 1443 534 1519 atque
563 1433 842 1517 συμβουλευτικὸς
871 1443 904 1503 et
932 1433 1111 1519 δικανικός,
1142 1435 1229 1520 quod

67 1538 196 1604 nonita
213 1557 285 1604 esse
300 1537 387 1622 apud
402 1537 577 1605 Aristidem
599 1539 760 1622 intellegis
783 1537 870 1604 haud
893 1538 1000 1605 dubie.
1045 1539 1129 1606 Hniu
1145 1539 1228 1606 enim

67 1639 239 1722 sophistae
257 1636 482 1724 συγγραφικὸν
505 1637 602 1724 λόγον
618 1660 690 1706 eum
708 1642 835 1708 omnino
859 1660 939 1718 esse,
963 1642 1018 1724 qui
1039 1642 1229 1725 plerumque

68 1748 272 1824 nonoretur,
296 1741 353 1809 sed
369 1742 518 1808 scribitur
534 1749 566 1808 et
581 1743 622 1809 ob
645 1742 680 1808 id
702 1744 806 1827 ipsum
828 1763 892 1809 non
914 1743 988 1809 illas
1010 1762 1089 1828 prae
1111 1763 1146 1810 se
1168 1743 1231 1809 lert

68 1843 226 1925 virtutes,
255 1863 334 1926 quus
356 1835 373 1907 ὁ
398 1840 589 1926 πολιτικὸς,
619 1845 767 1929 proprIus
792 1844 951 1910 aouedens
973 1844 1015 1909 ad
1039 1864 1111 1910 eum
1134 1864 1229 1928 quem

71 1936 181 2030 ἀφελῆ
213 1945 377 2030 appellat,
405 1946 439 2010 in
468 1953 617 2029 promptu
640 1953 696 2012 est.
741 1946 778 2011 In
800 1965 880 2012 vooe
902 1965 980 2012 vero
1002 1945 1165 2031 γραφικὸς
1187 1949 1229 2012 ab

72 2049 251 2115 Aristotele
275 2054 427 2132 usurpate
452 2047 535 2114 illud
563 2049 671 2131 potius
693 2053 838 2131 urgetur,
868 2047 956 2130 quod
977 2055 1046 2114 arte
1069 2055 1102 2114 et
1123 2048 1229 2116 studio

73 2148 132 2216 hoe
155 2170 261 2234 genus
285 2150 476 2216 elaboratur.

157 2253 303 2319 Maxime
319 2259 426 2320 autem
442 2254 482 2331 ei,
505 2271 601 2336 quum
617 2272 675 2319 nos
690 2253 829 2318 notionis
848 2243 994 2336 ἀφελοῦς
1018 2251 1115 2337 λόγου
1138 2273 1230 2337 prae·

74 2354 211 2440 hulmus,
227 2356 436 2440 explicationi
447 2356 535 2421 lavet
543 2356 642 2438 loeus,
655 2374 750 2438 quem
763 2355 909 2421 ultimum
922 2355 1052 2440 uddum,
1064 2376 1096 2440 p.
1107 2359 1178 2438 513,
1191 2360 1229 2422 ts

74 2456 134 2533 (W.
150 2463 229 2536 411)
253 2448 339 2522 οόιω
361 2454 423 2541 γάρ
456 2455 565 2522 ἐκεῖνα
588 2468 682 2522 ποιεῖ
707 2454 864 2522 σύντονον
885 2454 944 2522 τὸν
967 2454 1064 2542 λόγον
1086 2458 1141 2522 καὶ
1165 2481 1230 2522 πο-

75 2557 211 2639 λιτικόν,
227 2560 334 2624 ταῦτα
350 2557 385 2622 δὲ
401 2557 519 2643 α’φελῆ,
543 2551 595 2633 ὥς
617 2545 665 2622 δν
688 2554 885 2623 ἰδιωτικὰ
907 2560 974 2623 καὶ
999 2553 1229 2646 ὁμιλητικὰ

77 2652 225 2743 δντα4);
251 2681 314 2745 quo
337 2661 381 2745 fit,
403 2668 446 2744 ut,
471 2661 497 2727 si
521 2661 649 2726 omnino
674 2681 744 2727 oum
767 2661 947 2744 antiquiore
969 2661 1078 2745 aliquo
1102 2661 1231 2728 rhetore

76 2762 107 2828 in
129 2763 192 2832 huo
214 2783 250 2830 re
272 2762 445 2829 Aristidem
468 2763 545 2829 lieet
567 2782 772 2846 comparare,
799 2762 1033 2846 comparandus
1057 2783 1128 2831 esse
1151 2763 1229 2829 mihi

76 2866 223 2934 videatur
247 2886 317 2933 oum
336 2864 494 2950 Dionysio
509 2865 788 2932 Halicarnassensi
812 2870 1006 2949 —propter
1028 2867 1133 2932 lounm
1156 2867 1230 2932 libri

77 2967 115 3035 de
138 2989 244 3054 eomp.
261 2989 291 3034 v.
307 2988 338 3052 p.
356 2971 417 3031 420
430 2966 504 3034 Soh.
528 2987 626 3050 supra
647 2966 810 3034 laudatum
826 2988 857 3052 p.
876 2968 946 3033 168.

160 3070 248 3151 Quid
277 3071 318 3138 sit
347 3065 568 3146 πολιτικὸς
595 3067 691 3154 λόγος
718 3070 869 3154 Aristidi,
898 3071 976 3138 satis
997 3077 1074 3154 puto
1101 3068 1229 3137 demon·

79 3179 210 3240 stratum
227 3191 307 3240 esse.
352 3172 420 3238 Iam
442 3192 547 3255 puuoe
561 3171 679 3238 addum
703 3171 744 3238 de
760 3173 918 3254 versione,
942 3173 975 3238 in
998 3193 1063 3256 qua
1080 3193 1143 3240 non
1166 3192 1230 3239 me·

81 3273 229 3342 diooriter
267 3274 397 3358 quidam
435 3275 517 3358 lapsi
556 3280 637 3341 sunt.
697 3274 1006 3360 Rehdantzium,
1044 3275 1099 3358 qui
1137 3275 1232 3341 vertit

80 3373 235 3444 Staats·
262 3377 328 3443 vel
350 3376 624 3454 Prunkrede³)
654 3377 687 3442 in
710 3377 946 3460 prolegomenis
968 3377 1011 3442 ad
1033 3377 1230 3461 Philippica·

82 3496 147 3542 rum
169 3479 349 3544 orationum
372 3477 557 3560 editionem,
581 3478 650 3543 iure
668 3477 856 3560 perstrinxit
872 3477 1092 3544 Volkmannue
1114 3476 1230 3554 (Rhet.¹

81 3597 110 3660 p.
125 3585 186 3646 477
202 3579 299 3659 adn).
345 3579 477 3647 Frustra
497 3579 547 3645 vir
576 3579 689 3645 doetus
712 3579 782 3663 ipso
804 3598 839 3645 se
862 3578 1006 3646 defendit
1028 3586 1060 3646 et
1082 3578 1232 3646 defensus

165 3771 190 3916 λλ
206 3764 430 3920 gp,{0}:‚³p?1gg‚
448 3769 475 3920 ό).
489 3854 548 3916 690,
564 3853 595 3903 19
605 3849 637 3904 Β.
652 3846 696 3904 διά
710 3846 744 3904 τό
758 3843 807 3903 ὑπ’
822 3840 948 3918 α’φελοῦς
959 3850 1007 3903 καὶ
1020 3842 1133 3903 ἰδιώτου
1145 3867 1231 3904 κατα-

85 3931 283 4003 σκευάζεσθαι,
307 3935 381 3989 Iosn.
400 3935 454 3990 sic.
473 3936 517 3990 W.
537 3933 574 3990 vl
592 3938 652 3998 381,
671 3936 686 3986 9
710 3935 800 3989 ταῦτα
818 3930 875 4004 γάρ
898 3930 1000 3989 καὶτὰ
1020 3935 1138 3989 τοιαῦτα
1157 3930 1232 3989 πάνυ

85 4014 205 4077 ἰδιωτικὰ
223 4021 272 4074 καὶ
289 4013 389 4090 άφελῆ.

165 4107 190 4169 3)
209 4102 285 4158 Dum.
304 4103 418 4173 philipp.
438 4101 532 4159 Redsn
551 4103 617 4158 erld.
637 4118 661 4156 v.
682 4101 724 4166 lt,
744 4106 768 4156 3.
787 4099 840 4156 Afl.
861 4106 883 4154 1.
902 4100 968 4154 llelt
985 4116 1011 4169 p.
1025 4105 1079 4239 5152..
