2990 4886
293 317 334 370 De
352 315 492 370 notionum
511 321 660 381 πολιτικας
677 319 705 368 et
723 307 861 384 σοφιστὴς
878 327 930 366 usu
948 311 1094 366 rhetorico.
1209 309 1270 367 175

112 487 273 555 πολιτικὰ
304 481 453 570 ὀνόματα
483 489 605 554 dixisse
635 487 775 553 vidimus
804 487 976 554 Isocratem
1005 490 1047 568 (p.
1070 485 1160 566 138),
1190 501 1272 566 quae

112 593 225 676 qualia
247 593 327 675 sint,
357 591 586 657 samosatenus
609 590 704 656 dooet
727 592 759 654 in
781 590 863 654 libro
887 588 928 654 de
951 609 1071 654 consor.
1096 586 1169 652 hist.
1186 607 1212 652 ο.
1231 589 1271 650 43

113 695 206 760 hisee
228 695 352 759 verbis:
383 687 401 777 ἡ
427 690 514 768 λέξις
538 689 572 755 δὲ
596 688 708 777 σοφίης
731 693 787 755 καί
811 686 1008 773 πολιτικὴ
1034 697 1088 758 isc.
1111 689 1159 771 τῷ
1182 685 1272 751 ἱστο-

114 795 320 881 ρικηί1ἔστιο,
345 793 401 860 o‘r'ot
417 791 650 882 ἐπισημότατα
666 793 761 880 δηλοῖ
781 790 818 857 τό
837 788 1065 874 ὑποκείμενον.
1089 791 1195 870 (τέλος
1209 785 1272 872 γὰρ

112 895 300 984 τὸ1σαφῶς
323 896 473 984 δηλῶσαι
487 899 543 962 καὶ
566 894 741 983 φανότατα
764 893 949 982 ἐμφανίσαι
963 892 1001 958 τὸ
1019 895 1166 977 πρᾶγμα,
1190 889 1273 976 μήτε

114 995 322 1088 ἀπορρήτοις
344 1001 401 1064 καὶ
424 997 486 1076 ἔξω
502 993 613 1063 πότου
636 991 780 1080 ὀνόμασι
801 995 885 1082 μήτε
905 1009 977 1073 τοῖς
1000 990 1172 1080 ἀγοραίοις
1194 991 1272 1058 vori-

114 1127 189 1180 τοις
204 1104 259 1167 καὶ
275 1101 481 1189 καπηλικοῖς,
505 1093 580 1166 ἀλλ’
607 1095 652 1176 τίς
673 1098 752 1176 τοὺς
764 1099 824 1183 μὲν
847 1097 993 1174 πολλοὺς
1017 1109 1172 1176 συνεῖναι,
1196 1093 1273 1172 τοὺς

116 1205 153 1270 δὲ
170 1204 458 1286 πεπαιδευμένους
475 1201 667 1269 ἕπαινέσαιτ
690 1205 754 1269 iam
770 1204 932 1285 intellegis
947 1223 995 1284 ea,
1020 1221 1103 1284 quae
1118 1199 1271 1266 extremis

116 1310 226 1376 verbis
249 1309 479 1390 deseribuntur,
503 1307 664 1374 voeabula
678 1327 741 1372 non
765 1327 844 1388 esse,
868 1306 930 1372 nisi
953 1325 1035 1388 quae
1058 1305 1155 1388 paulo
1177 1311 1273 1368 antea

116 1412 226 1478 verbis
246 1406 401 1496 πολιτικὴ
427 1407 513 1485 λέξις
530 1409 850 1495 eomprehenduntur.
896 1407 977 1473 Sunt
999 1408 1096 1490 igitur
1118 1426 1166 1490 ea,
1190 1424 1272 1489 quae

115 1531 223 1596 neque
251 1515 422 1598 peregrina
452 1514 505 1578 vel
532 1533 618 1578 nova
645 1513 699 1577 vel
728 1512 899 1578 insolentia
927 1517 1017 1593 sunt,
1045 1529 1149 1592 neque
1177 1509 1273 1574 nimis

116 1617 266 1700 vulgaria
295 1617 480 1698 plebeiique
510 1615 665 1682 sermonis
694 1635 752 1680 usu
781 1615 865 1679 trita.
910 1615 1016 1696 Atque
1045 1614 1090 1678 ita
1119 1611 1200 1677 haeo
1222 1631 1273 1677 res

117 1739 154 1785 se
177 1718 292 1800 hebet,
321 1726 356 1783 ut
379 1718 553 1784 secundum
575 1717 825 1799 uniuscuiusque
847 1716 911 1781 looi
939 1723 1084 1781 naturam
1111 1735 1188 1780 mox
1217 1733 1272 1797 op-

117 1821 225 1905 posita
255 1822 433 1903 cogitentur
461 1821 557 1886 nimis
587 1820 790 1902 quaesita,
825 1838 901 1883 mox
929 1818 1024 1882 nimis
1052 1818 1206 1882 usitata
1235 1823 1274 1880 et

118 1921 262 1996 vilie.¹)
308 1921 398 1986 Illius
421 1923 548 2003 generis
571 1930 629 2001 est,
652 1927 687 1984 ut
709 1921 873 2003 paululum
897 1918 1046 2002 egrediar
1068 1919 1100 1982 iu
1122 1937 1167 2000 re,
1191 1937 1273 1999 quae

119 2025 215 2090 aliter
238 2045 301 2090 non
324 2031 431 2107 potest
453 2023 619 2108 expediri,
642 2023 792 2089 Isocratis
816 2024 905 2088 loeus
927 2041 1025 2105 snpra
1047 2022 1089 2104 (p.
1110 2021 1181 2097 138)
1205 2021 1272 2084 lau·

119 2127 213 2194 datus
243 2128 330 2212 (opp.
354 2123 445 2204 ξένα,
469 2122 583 2204 καινὰ,
607 2122 846 2210 μεταφορικά),·
875 2126 926 2190 oui
948 2126 1001 2190 vel
1025 2123 1077 2190 hio
1099 2123 1196 2189 liceat
1217 2123 1272 2188 arl-

119 2229 197 2295 dere
214 2229 314 2294 verba
336 2228 504 2294 Cornuti
521 2247 577 2294 seu
593 2231 700 2312 potius
722 2227 1070 2311 Harpocrationis
1086 2225 1153 2310 (Sp.
1169 2227 1186 2290 I
1201 2229 1273 2308 459,

120 2334 167 2406 6);
190 2331 249 2415 τῆς
273 2328 309 2393 δὲ
332 2327 450 2406 λέξεως
472 2335 642 2414 προοιμίῳ
665 2329 724 2412 μὲν
746 2324 887 2413 ἁρμόσει
909 2325 946 2393 τὸ
973 2323 1196 2392 πολιτικὸν
1218 2328 1274 2390 καὶ

212 2553 235 2613 1)
254 2547 341 2616 Digna
358 2565 400 2604 res
419 2555 469 2616 ost,
487 2564 567 2618 quem
585 2549 679 2617 pnuois
697 2549 837 2603 illustrem.
874 2547 957 2614 Quasi
974 2544 1276 2625 oiroumsoribitur

120 2634 190 2687 haec
208 2633 283 2688 vocis
301 2630 450 2699 πολιτικὸς
467 2633 542 2688 notio
560 2633 627 2687 locis
645 2633 726 2687 huius
743 2633 854 2686 indolis:
880 2632 925 2701 Sp.
937 2631 950 2684 I
963 2635 1026 2700 430,
1043 2637 1067 2685 11
1089 2629 1121 2687 ἐκ
1140 2633 1276 2700 τροπικῆς

119 2722 233 2785 μᾶλλον
244 2721 291 2773 καί
304 2716 477 2790 σημειώδοος
489 2718 598 2784 λέξεως,
616 2717 769 2788 δυναμένης
780 2717 878 2786 μέντοι
892 2727 991 2773 πεσεῖν
1009 2717 1048 2782 τίς
1065 2714 1276 2780 πολιτικοὺς

120 2798 253 2873 λόγους
270 2803 392 2867 (Cornuti
410 2807 510 2868 verbe).
529 2803 655 2870 Hermog.
675 2802 720 2870 Sp.
733 2802 761 2854 ΙΙ
773 2805 860 2866 211,8
880 2801 933 2867 (W.
946 2801 987 2855 ΙΙΙ
997 2805 1057 2865 1051
1069 2800 1141 2866 λέξις
1157 2795 1274 2872 καθαρὰ

120 2881 230 2958 ἡκοινὴ
241 2891 289 2942 καὶ
301 2887 350 2944 τίς
368 2879 532 2953 ἅπαντας
546 2879 689 2958 ἥκουσα.
726 2886 781 2940 Cio.
795 2903 834 2941 or.
850 2891 889 2950 19,
903 2889 936 2939 64
953 2887 1174 2957 philosophorum
1187 2885 1275 2938 oratio

120 2987 174 3026 neo
193 2973 334 3027 sententiis
352 2989 401 3026 nec
415 2967 522 3027 ‘verbis'
541 2973 675 3026 instructo
689 2966 957 3040 ‘popularibusfi
994 2970 1103 3039 Quintil.
1122 2969 1149 3022 Il
1169 2973 1208 3034 16,
1231 2973 1275 3022 19:

116 3051 222 3111 ‘nonne
240 3057 382 3125 pulchrum
393 3057 433 3111 vel
452 3058 504 3112 hoc
522 3057 609 3126 ipsum
622 3064 671 3122 est,
690 3072 724 3112 ex
736 3055 870 3110 communi
882 3055 1021 3110 intellectu
1033 3055 1181 3123 verbisque,
1200 3055 1276 3122 qni-

122 3143 187 3196 bns
206 3144 353 3196 utuntur
371 3158 501 3210 omnes,
519 3148 624 3195 tanturn
643 3140 751 3208 assequi
768 3139 891 3194 laudisl'
910 3141 1020 3195 Sueton.
1039 3155 1066 3207 ρ.
1088 3143 1143 3202 llo,
1163 3143 1178 3192 4
1196 3137 1276 3201 Reii,

122 3243 194 3296 quae
212 3227 341 3295 longiore.
359 3258 392 3267 -
411 3226 515 3280 Vocis
538 3220 736 3292 ἰδιωτικὸς,
754 3239 823 3294 qnae
840 3225 903 3278 huie
921 3223 1047 3294 opposita
1066 3224 1209 3292 cogitanda
1226 3229 1277 3284 est,

122 3313 209 3366 habes
221 3312 289 3367 haec
302 3313 436 3380 exemplu:
456 3313 551 3367 Theon
562 3311 617 3380 (Sp.
631 3311 658 3365 II
672 3315 713 3377 82,
726 3315 768 3365 22.
780 3311 825 3364 W.
838 3310 851 3362 I
866 3313 922 3372 188)
935 3310 1048 3380 ποικίλη
1060 3304 1104 3365 διὰ
1117 3313 1175 3364 τῶν
1192 3303 1276 3379 ὕπερ·

122 3401 225 3470 βατῶν
247 3401 306 3453 καὶ
335 3392 387 3455 οὐκ
408 3392 532 3469 loterel
558 3399 667 3468 γίνεται
685 3390 701 3466 ἢ
726 3391 837 3468 φράσις.
856 3414 885 3450 π.
904 3386 952 3466 ilo.
965 3393 1058 3446 XLIII
1073 3399 1083 3446 1
1098 3397 1135 3462 (p.
1150 3398 1190 3457 64,
1205 3393 1277 3458 Π.)

123 3481 253 3552 ἄσεμνον
277 3477 333 3555 γὰρ
364 3479 398 3539 τὸ
422 3479 551 3540 κοποίσαι
581 3485 639 3539 καὶ
670 3481 795 3548 (Manui.)
822 3475 974 3536 ἰδιωτικόν.
1011 3477 1129 3532 Demetr.
1157 3498 1186 3534 π.
1215 3474 1276 3550 ἑρμ.

123 3567 224 3639 Sp.111
237 3571 295 3634 307,
311 3573 340 3622 19
358 3564 611 3640 εὐκαταφρόνητος
630 3561 645 3623 ό
665 3570 797 3630 τοιοῦτος
816 3561 926 3634 τρόπος
944 3567 993 3634 τῆς
1010 3564 1187 3629 λέξεωςκαὶ
1205 3561 1278 3618 ἰδιω-

124 3648 205 3718 τικός
222 3652 266 3717 (ei.
286 3653 406 3708 eiusdem
418 3654 464 3722 Sp.
477 3653 517 3706 ΙΙΙ
531 3657 652 3718 29416).
672 3653 748 3706 Alex.
761 3650 841 3705 Num.
855 3648 902 3718 Sp.
912 3648 954 3702 Ill
968 3653 1008 3714 13,
1025 3653 1055 3702 14
1073 3647 1278 3714 (W.V111431)

125 3737 252 3810 διαφέρει
274 3733 376 3804 πλοίοις
394 3733 529 3812 ῥητορικὴ
548 3742 598 3808 τῆς
615 3741 675 3793 τῶν
697 3737 817 3793 ἰδιωτῶν
828 3738 886 3791 κτλ.
908 3765 936 3774 -
957 3729 1117 3805 ἀγοραῖα
1141 3737 1169 3786 et
1193 3727 1277 3788 ἀνα-

124 3820 359 3897 κεχωρηκότα
378 3825 510 3878 vocabule
528 3821 657 3890 disiungit
671 3822 715 3876 Ps.
728 3821 808 3875 Dion.
827 3826 878 3873 ort.
898 3819 966 3872 rhet.
985 3835 1012 3887 p.
1026 3817 1119 3872 uerit.
1136 3816 1183 3881 ite,
1201 3817 1277 3870 utin

124 3909 214 3964 medio
232 3909 322 3977 posita
334 3909 396 3974 sint,
415 3923 483 3977 quae
501 3907 601 3962 diserte
616 3923 671 3960 non
689 3913 837 3974 nuncupat,
855 3899 891 3960 τὰ
904 3903 1046 3959 πολιτικοί,
1059 3900 1185 3974 ἀγοραῖα
1197 3901 1278 3955 etiam

125 3995 264 4049 Lucienus
288 3993 306 4046 l.
319 3993 338 4047 l.
356 3994 475 4062 opponit.
500 3991 534 4049 τὸ
558 3993 702 4063 ἀγοραῖον
724 3991 813 4062 μέρος
831 3992 880 4060 τῆς
897 3986 1049 4062 ῥητορικῆς
1066 3987 1145 4042 Dion.
1165 3986 1226 4041 Hel.
1246 3985 1279 4038 de

127 4095 214 4148 comp.
234 4095 258 4133 v.
273 4095 299 4147 p.
313 4082 362 4132 400
372 4095 412 4148 sq.
431 4077 493 4132 Scir.
