2990 4886
277 305 319 359 De
337 303 476 359 notionum
494 299 642 368 uerecunde
660 307 687 356 et
705 299 841 374 σοφιστὴς
859 315 911 356 usu
928 299 1072 356 rhetorico.
1195 297 1254 356 143

100 503 201 562 ματα,
227 497 328 562 quae
351 477 399 543 ad
422 475 685 560 reipublicae
707 473 1115 541 administrationem
1139 491 1255 554 spec·

100 589 192 649 tant.
215 617 258 629 -

189 682 563 766 ApudAristotelem
579 679 699 747 locutio
715 675 937 754 πολιτικὸς
952 677 1074 764 λόγος
1088 699 1257 764 nusquam,

104 786 191 870 quod
214 786 326 866 sciam,
348 783 517 865 invenitur,
540 783 603 848 nisi
619 781 704 864 quod
720 783 753 846 in
768 789 837 848 arte
853 781 933 848 rhet.
949 803 981 866 p.
1001 779 1096 848 1359b
1115 785 1152 846 12
1176 782 1258 846 inter

105 909 172 955 var.
195 888 268 954 lect.
291 886 462 968 adspersas
485 886 623 968 margini
651 884 725 950 edit.
750 884 860 952 Venet.
887 875 1094 960 ‘aoranae'
1127 891 1258 969 propter

103 989 329 1058 antecedentia
350 989 451 1054 verba
473 988 557 1052 male
585 987 749 1054 intellecta
772 993 878 1052 exstat
899 1006 958 1070 pro
981 1007 1030 1070 eo,
1054 986 1141 1070 quod
1157 988 1257 1052 sanis·

105 1094 220 1159 simum
253 1097 315 1172 est,
347 1100 557 1174 σοφιστικοῖς
580 1085 701 1173 λόγοις.
745 1090 793 1156 Ac
815 1109 855 1155 ne
884 1090 917 1154 in
945 1108 1098 1171 generum
1128 1087 1259 1171 quidem

105 1193 266 1276 tripertita
294 1191 506 1258 disiunctione
537 1191 618 1258 haec
640 1212 705 1257 vox
727 1191 907 1257 adhibetur.
951 1191 1065 1273 Neque
1094 1191 1171 1256 licet
1199 1209 1258 1272 pro

106 1295 290 1362 testimonio
313 1295 388 1360 talis
410 1313 486 1360 usus
512 1293 627 1359 afferre
650 1291 840 1371 Quintiliani
869 1294 970 1358 verba
998 1293 1258 1374 (inst.1117,1):

104 1391 204 1480 ‘qnod
227 1415 328 1478 genus
352 1397 432 1471 (soil.
455 1395 673 1480 epidicticum)
696 1395 825 1460 videtur
846 1395 1036 1462 Aristoteles
1065 1400 1162 1477 atque
1186 1413 1259 1458 eum

107 1505 234 1565 secutus
257 1497 500 1582 Theophrastus
523 1518 544 1562 a
565 1503 657 1580 parte
678 1498 849 1581 negotiali,
869 1491 940 1564 ¹hoc
963 1505 1011 1564 est
1035 1496 1258 1580 αραγματιαῇ,

107 1601 284 1666 removisse
309 1607 473 1684 totamque
495 1599 538 1664 ad
560 1601 645 1665 solos
668 1599 830 1666 auditores
852 1592 1042 1682 relegasse’,
1065 1619 1259 1684 quamquam

73 1733 77 1741 ·
108 1703 222 1767 intuli
245 1701 457 1768 disiunctione
480 1702 537 1766 alii
560 1700 704 1768 rhetores
727 1721 839 1768 voeern
869 1699 1042 1778 uetustatis
1071 1723 1135 1768 non
1165 1722 1260 1785 repu-

109 1804 246 1870 diarunt.
291 1804 380 1869 Haec
403 1803 502 1869 verba
531 1803 616 1868 unde
639 1804 759 1870 Fabius
788 1805 975 1888 sumpserit,
1004 1807 1133 1888 ignor03
1162 1806 1259 1870 talem

108 1913 216 1972 autem
239 1905 494 1972 distributionem
519 1926 595 1971 vere
618 1925 688 1972 esse
703 1907 929 1972 Aristoteleam
948 1927 1042 1972 nemo
1058 1907 1118 1972 ibit
1132 1906 1260 1989 infitias,

109 2011 137 2076 si
161 2010 331 2075 contulerit
352 2009 429 2074 artis
452 2007 532 2074 rhet.
550 2031 580 2093 p.
602 2006 695 2075 1391δ
720 2011 774 2074 16;
810 2003 970 2086 ὡσαύτως
993 2009 1106 2074 δὲκαὶ
1129 2007 1162 2074 ἐν
1190 2021 1262 2084 τοῖς

111 2109 362 2185 ἐπιδεικτικοῖς·
391 2101 507 2193 ὥσπερ
535 2107 598 2194 γὰρ
627 2107 712 2196 πρὸς
739 2109 854 2198 κριτὴν
881 2108 1136 2194 theosophus
1166 2110 1262 2196 λόγος

111 2211 314 2300 συνέστηκεν.
360 2205 445 2289 ὅλως
468 2211 504 2276 δὲ
520 2210 628 2294 μύνσς
651 2210 741 2279 ἐστὶν
764 2209 879 2290 ἆττλώς
901 2212 1013 2300 κριτὴς
1036 2211 1069 2280 ἒν
1091 2227 1162 2291 τοῖς
1185 2238 1263 2278 ιτσ-

110 2319 290 2392 λιτικοῑς
313 2308 437 2400 ύγιῦσιν
459 2311 476 2380 ὁ
500 2313 542 2380 τὰ
566 2314 746 2402 ζητούμενα
768 2323 904 2401 κρίνων·
926 2316 968 2382 τά
990 2341 1026 2382 τε
1048 2314 1110 2402 γὰρ
1134 2309 1263 2400 ἆμφισ-

110 2417 297 2504 βητούμενα
326 2417 471 2504 ζητεῖται
501 2421 574 2495 ιιιῦς
602 2419 668 2500 ἔχει
696 2422 750 2485 καὶ
780 2422 859 2505 περὶ
889 2413 934 2484 ὦν
963 2418 1178 2502 βουλεύονται
1211 2421 1263 2496 (cf.

112 2522 231 2608 Speng.
255 2523 521 2600 comm.11262):
544 2523 662 2590 diserte
686 2525 769 2590 enim
792 2525 834 2589 ab
849 2524 1123 2606 ostentationibus,
1145 2523 1178 2587 in
1194 2522 1263 2605 qui-

111 2627 172 2692 bus
187 2631 348 2710 spectatur
363 2630 485 2690 tantum
502 2631 534 2691 et
549 2625 685 2708 auditur,
705 2625 928 2709 disiunguntur
944 2625 1111 2690 πολιτικοὶ
1129 2615 1262 2708 ἀγῶνες,

113 2729 188 2794 h.e.
216 2728 365 2794 civiles
394 2747 557 2809 causae,
588 2727 896 2810 comprehendentes
925 2747 1025 2810 genus
1053 2727 1263 2794 delibera·

112 2833 243 2898 tivum
266 2837 298 2896 et
320 2830 534 2912 iudiciale,
559 2849 641 2912 quae
664 2837 714 2895 sat
735 2831 912 2896 luculenter
935 2837 1083 2896 notantur
1098 2831 1264 2896 vocabulis

112 2929 154 2996 τὰ
180 2925 478 3018 ἀμφισβητούμενα
506 2941 538 2998 et
566 2933 644 3017 περὶ
674 2924 720 2996 ὥν
749 2929 1002 3013 βουλεύονταιῐ)
1046 2931 1139 2998 Clare
1167 2933 1265 3015 igitur

112 3035 319 3120 perspexisse
345 3032 429 3100 hunc
457 3053 608 3116 generum
638 3032 851 3100 differentiam
874 3033 1060 3117 Stagiritam
1089 3053 1194 3117 neque
1222 3033 1266 3100 ad

113 3135 358 3221 significandam
382 3157 452 3202 eam
475 3156 605 3220 prorsus
627 3138 789 3219 respuisse
811 3138 980 3203 terminum
1001 3132 1174 3212 rubicunde
1188 3157 1266 3202 con-

114 3247 186 3306 stat.
231 3239 300 3305 Neo
322 3241 426 3305 minus
448 3241 481 3304 in
499 3245 567 3304 arte
589 3237 670 3304 rhet.
686 3258 717 3321 p.
737 3235 832 3303 1403b
848 3244 898 3321 34,
921 3239 976 3304 ubi
999 3240 1040 3305 de
1055 3239 1181 3306 actione
1197 3259 1266 3305 ora-

114 3345 197 3409 toria
212 3361 318 3408 sermo
334 3348 392 3424 est,
419 3344 473 3424 qni
497 3340 659 3423 dicuntur,
682 3332 1028 3424 ιιολιτικοόςόγιῦνας
1043 3341 1085 3406 ad
1108 3341 1266 3407 delibera·

114 3449 216 3512 tivum
240 3453 272 3510 et
293 3443 446 3510 iudiciale
469 3449 589 3508 tantum
612 3463 712 3525 genus
734 3443 919 3509 referendos
942 3462 1013 3508 esse
1042 3445 1095 3509 vel
1120 3442 1195 3508 inde
1218 3463 1266 3509 se·

115 3550 232 3632 quitur,
256 3547 342 3629 quod
366 3547 398 3610 in
421 3545 593 3628 epidictico
608 3564 649 3610 ne
671 3546 775 3611 locum
795 3545 924 3628 quidem
947 3544 1067 3612 habere
1089 3538 1266 3628 ὑπόκρισιν

203 3734 228 3797 1)
247 3729 283 3786 cf.
302 3747 329 3800 p.
344 3730 466 3784 1391122'1
493 3724 735 3802 συμβουλεύοντες
757 3733 805 3786 καὶ
827 3729 1048 3799 ἐπιδεικνύμενοι
1072 3732 1121 3786 καὶ
1144 3723 1268 3802 οέμφισ-

115 3821 319 3894 βητοῦντες.
337 3847 370 3857 -
389 3816 472 3871 Arist.
490 3815 543 3870 eth.
558 3815 618 3870 Nic.
632 3831 659 3883 p.
675 3818 781 3869 118114
806 3821 997 3871 commemorat
1020 3810 1087 3880 τοὺς
1109 3817 1268 3882 δικανικοὺς

115 3909 163 3961 καὶ
190 3897 396 3976 δημηγορικοὺς
421 3897 527 3972 λόγους
552 3901 669 3970 dicitque
694 3901 722 3956 in
748 3902 782 3955 iis
808 3902 909 3955 versari
932 3896 999 3966 τοὺς
1022 3901 1268 3970 πολιτευομένους.

117 3990 242 4045 Ceterum
260 3989 311 4043 hoc
329 3989 389 4043 loco
408 3986 452 4040 vel
470 3987 630 4042 Aristoteles
653 3986 825 4042 iudicialibus
848 3985 1015 4041 orationibus
1039 3987 1155 4055 primum
1178 3986 1269 4040 locum

115 4075 219 4140 tribuit,
238 4073 309 4143 qnod
328 4073 388 4128 dieo
407 4075 520 4140 propter
538 4087 570 4128 ea
588 4087 657 4142 quae
674 4072 795 4127 dicturus
813 4087 872 4126 sum
891 4071 1093 4139 p.191adn.2.
