3004 4886
257 341 317 397 212
665 340 777 394 Carolus
795 339 1001 396 Brandstaetter

257 511 365 598 φάνου
387 515 446 577 τοῦ
469 510 618 597 ῥήτορος,
634 515 801 576 Λυσίου
824 509 866 574 δὲ
889 512 960 575 τοῦ
983 511 1187 595 σοφιστοῦ
1201 507 1412 592 Μετάνειρα.

256 616 461 682 illustrantur
483 621 606 698 autem,
630 633 713 698 quae
736 613 833 679 modo
857 613 942 696 dixi,
965 614 1142 680 luculenter
1165 631 1219 696 eo,
1249 632 1345 697 quom
1368 632 1414 677 ex

256 716 407 782 Phaedro
437 716 604 782 Platonico
631 716 729 799 paulo
755 721 851 780 antea
873 716 1093 798 exaravimus,
1122 716 1193 782 loco
1217 717 1260 798 (p.
1277 717 1340 778 257
1358 714 1412 796 D),

256 827 292 884 ut
313 819 482 884 videamus
504 838 568 884 non
590 824 710 884 temere
732 818 805 883 illos
827 817 980 883 timuisse.

201 995 208 1010 ,
343 920 613 1002 Aristoteles,
638 920 692 1002 qui
715 919 837 1003 excipit
859 919 1108 1001 disputationem
1123 924 1274 995 nostram,
1298 918 1331 982 in
1355 918 1413 982 de·

258 1022 430 1089 scribendo
453 1020 600 1104 sophista
621 1022 678 1086 vix
701 1022 812 1104 aliqua
834 1040 868 1086 re
892 1020 1031 1086 discedit
1052 1020 1222 1087 aPlatone
1244 1019 1413 1104 magistro.

258 1124 433 1208 stagiritae
456 1124 540 1188 enim
555 1123 695 1206 vestigia
718 1124 745 1188 si
768 1123 940 1206 sequimur,
965 1121 1111 1206 sophista
1132 1123 1160 1188 is
1176 1129 1233 1206 est,
1258 1123 1314 1205 qui
1329 1141 1412 1186 mer-

260 1226 339 1294 cede
353 1229 374 1300 ¹)
404 1245 575 1310 perperam
607 1225 736 1290 civilem
764 1225 931 1291 scientiam
954 1224 1143 1290 traditurum
1164 1244 1199 1290 se
1221 1224 1379 1308 promittit
1389 1225 1414 1300 2)

257 1347 362 1410 neque
385 1327 482 1392 ullius
504 1327 582 1393 artis
604 1327 773 1391 materiam
795 1347 816 1391 a
838 1346 872 1391 se
895 1327 1034 1392 alienam
1058 1328 1199 1408 putati),
1223 1326 1278 1408 qui
1302 1324 1413 1390 bomo·

206 1477 209 1482 -
258 1430 377 1511 nymiis
399 1429 485 1493 malo
502 1429 636 1494 consilio
658 1427 813 1494 adhibitis
823 1431 847 1503 4)
871 1429 1029 1510 malisque
1051 1428 1173 1492 artibus
1196 1432 1316 1510 nonsit,
1340 1447 1414 1510 par·

258 1533 316 1595 tim
329 1529 536 1596 concedendo
548 1531 665 1614 partim
679 1529 827 1612 negando
838 1533 871 1612 6),
884 1531 1042 1612 imprimis
1054 1548 1131 1595 vero
1143 1530 1413 1610 conclusionibus,

259 1651 342 1714 quae
365 1652 463 1697 sanae
485 1632 644 1711 videntur,
667 1653 730 1697 non
754 1652 852 1698 sanae
871 1635 988 1714 suntll,
1013 1631 1158 1697 homines
1173 1633 1268 1696 fallit.
1306 1633 1414 1714 Atque

258 1735 291 1798 in
314 1752 352 1799 eo
376 1733 506 1817 quidem
527 1734 669 1800 maxime
692 1735 856 1817 proprium
880 1732 1044 1816 sophistae
1067 1734 1207 1816 positum
1230 1739 1295 1816 est,
1326 1733 1414 1816 quod

258 1831 296 1899 τὸ
313 1833 518 1919 φαινόμενον
533 1843 566 1901 et
588 1837 733 1902 invenire
756 1837 817 1902 scit
839 1842 871 1901 et
889 1835 932 1900 ad
947 1835 1093 1901 fraudem
1116 1835 1271 1901 adhibere
1295 1835 1413 1914 studet,

258 1939 305 2002 ita
328 1938 458 2021 quidem
481 1947 525 2021 ut,
550 1939 635 2021 quod
658 1938 701 2004 ad
724 1939 994 2004 dialecticam
1017 1938 1140 2018 attinet,
1167 1938 1194 2003 is
1217 1938 1272 2019 qui
1296 1938 1330 2001 in
1353 1936 1416 2002 hac

259 2040 432 2124 disciplina
453 2037 490 2103 τὸ
517 2038 720 2125 φαινόμενον
747 2041 807 2106 scit
835 2059 895 2105 nec
917 2059 994 2106 vero
1023 2038 1173 2121 adhibet,
1209 2035 1415 2113 διαλεκτικὸς

258 2144 309 2223 sit,
336 2143 364 2207 is
387 2147 510 2224 autem,
535 2143 590 2224 qui
614 2148 646 2206 et
667 2143 728 2207 scit
749 2148 782 2206 et
803 2141 952 2224 adhibet,
977 2137 1186 2226 σοφιστὴς
1214 2143 1413 2224 appelletur,

258 2246 292 2309 iu
313 2243 526 2309 rhetorica
548 2249 654 2308 autem
675 2249 708 2308 et
722 2245 760 2326 is,
784 2243 839 2326 qui
855 2245 915 2309 scit
937 2263 1089 2310 necuere
1109 2244 1217 2324 utitur,
1241 2249 1274 2308 et
1296 2244 1335 2327 is,
1360 2244 1416 2325 qui

259 2355 291 2411 et
313 2347 373 2412 scit
395 2352 428 2411 et
449 2347 564 2428 utitur,
592 2346 713 2428 pariter
741 2342 874 2431 ῥήτωρ
903 2352 1043 2428 vocetur,
1075 2346 1197 2412 scilicet
1220 2346 1297 2428 quia
1318 2365 1416 2412 vcca-

259 2449 338 2513 bula
359 2448 537 2531 peculiaria
559 2447 684 2530 desunt,
708 2448 823 2531 quibus
839 2455 973 2531 uterque
991 2454 1124 2514 naturae
1140 2467 1217 2513 suae
1233 2467 1416 2514 accommo-

260 2550 338 2614 date
361 2549 552 2630 insigniatur
574 2555 606 2614 ct
627 2550 668 2615 ab
687 2551 788 2616 altero
805 2550 858 2615 vel
872 2551 1002 2616 nomine
1018 2550 1241 2633 dignoscatur:
1265 2551 1312 2615 sic
1328 2551 1414 2615 enim

259 2650 580 2734 interpretandasunt
591 2652 692 2717 verba
702 2651 882 2718 rhetoricae
892 2651 1081 2718 difficillima
1096 2652 1259 2717 intellectu
1271 2671 1302 2733 p.
1318 2650 1417 2717 1355b

262 2757 299 2818 17
312 2772 397 2836 sqq.:
420 2745 518 2836 ἡγὰρ
542 2750 720 2838 σοφιστικὴ
741 2745 799 2817 οὐκ
815 2751 848 2817 ἐκ
870 2755 910 2838 τῇ
925 2750 1063 2834 δυνάμει
1081 2744 1149 2816 dll’
1173 2750 1207 2816 ἐκ
1232 2754 1275 2837 τῇ
1290 2776 1417 2832 προοι-

259 2858 369 2940 ρέσει·
391 2851 481 2941 πλὴν
498 2852 647 2919 ἐνταῦθα
669 2857 725 2934 (sc.
739 2853 773 2920 ἓν
788 2858 828 2940 τῇ
843 2855 1012 2941 ῥητορικῇ)
1030 2854 1090 2936 μὲν
1109 2852 1204 2919 ἕσται
1220 2849 1236 2919 ὃ
1253 2853 1314 2936 μὲν
1330 2853 1416 2919 κατὰ

258 2956 317 3044 τὴν
341 2957 527 3046 ἐπιστήμην
550 2953 566 3022 ὁ
592 2957 627 3022 δὲ
649 2955 734 3021 κατὰ
757 2954 817 3040 τὴν
840 2962 1039 3042 προαίρεσιν
1063 2955 1186 3045 ῥήτωρ,
1211 2953 1278 3022 ἐκεῖ
1300 2955 1337 3021 δὲ
1360 2965 1416 3032 (sc.

259 3059 292 3126 ἐν
321 3064 362 3146 τῇ
389 3060 590 3145 διαλεκτικῇ)
614 3057 778 3145 σοφιστὴς
807 3058 867 3140 μὲν
895 3056 978 3122 κατὰ
1008 3057 1067 3143 τὴν
1096 3063 1311 3143 προαίρεσιν,
1342 3059 1417 3124 dra—

257 3161 404 3240 λεκτικὸς
420 3161 456 3226 δὲ
473 3155 510 3226 οὗ
526 3158 611 3225 κατὰ
626 3158 686 3248 τὴν
702 3165 910 3242 προαίρεσιν,
931 3153 1015 3224 ἀλλὰ
1030 3158 1115 3226 κατὰ
1130 3158 1189 3243 τὴν
1206 3158 1348 3242 δύναμιν
1363 3165 1415 3238 (cf.

258 3267 425 3351 Spengelii
449 3270 617 3332 comment.
640 3263 682 3329 ad
705 3263 735 3328 h.
752 3265 795 3346 l.),
819 3265 933 3347 quibus
956 3265 988 3328 in
1011 3265 1119 3330 uerbis
1142 3283 1299 3330 summam
1323 3266 1416 3347 quasi

259 3369 358 3435 babes
388 3368 565 3434 sententiae
595 3367 848 3444 Aristoteleae.⁸)
899 3367 948 3431 Ex
978 3366 1086 3432 verbis
1115 3372 1221 3432 autem
1251 3364 1315 3430 eth.
1343 3367 1415 3432 Nic.

263 3471 458 3482 -.-——-·—-

346 3504 369 3560 1)
388 3515 415 3567 p.
431 3502 508 3552 ricc·
527 3504 569 3553 ar.

344 3588 370 3649 n
388 3600 415 3652 p.
432 3583 510 3638 ursoh
530 3587 572 3638 ac.
1140 3623 1141 3628 ,

344 3674 369 3735 3)
388 3685 415 3738 p.
430 3669 509 3723 1218b
529 3672 570 3722 23.
593 3668 731 3723 10491133.
753 3666 832 3721 rbltb
852 3671 892 3722 15.
915 3667 992 3721 106112
1011 3670 1052 3720 29.
1074 3666 1153 3720 100412
1174 3671 1215 3721 17.
1236 3667 1316 3722 13551’
1336 3671 1378 3722 20.

343 3759 369 3820 ι)
387 3771 415 3823 p.
431 3753 511 3808 ramb
530 3757 571 3807 aa.

344 3842 370 3904 5)
387 3855 415 3908 p.
431 3841 492 3892 126·
510 3841 554 3890 31.

344 3927 369 3988 ο)
386 3939 414 3991 p.
429 3927 507 3977 1419·
527 3927 568 3978 14.

344 4012 368 4074 7)
386 4024 412 4076 p.
428 4011 489 4061 100ι
507 4011 549 4062 34.
571 4012 648 4062 1140α
667 4011 708 4060 21.
730 4006 808 4060 1301b
827 4008 869 4060 30.
893 4004 969 4058 13590
990 4009 1029 4058 12.
1050 4003 1129 4058 1405¹³
1148 4009 1172 4058 9,

343 4095 369 4158 8)
387 4086 599 4162 σοφιστικὸς
619 4086 708 4162 λόγος
725 4091 752 4144 in
772 4093 841 4144 rhet.
859 4106 887 4158 p.
904 4089 983 4144 1359b
1004 4093 1034 4143 12
1053 4095 1199 4158 propterea
1217 4088 1330 4156 dicitur,
1354 4092 1416 4160 quia
