2990 4886
285 321 326 375 De
344 321 484 376 nollonum
502 325 649 386 πολιτικας
666 326 694 376 et
712 318 850 395 σοφιστὴς
868 338 918 377 usn
936 323 1081 378 rhetorIco.
1198 326 1257 382 151

106 495 211 577 potius
234 499 370 560 tractare
394 513 489 576 qnam
519 490 659 579 τὰγένη
684 495 735 573 (ef.
759 495 878 579 Speng.
902 495 1057 562 Zeitschr.
1074 498 1095 562 f.
1112 496 1142 562 d.
1160 497 1256 564 Altw.

110 600 198 679 1810,
222 617 253 680 p.
274 599 369 670 1263;
394 604 563 662 comment.
580 617 611 682 p.
634 599 713 675 rod.)
758 598 806 664 Ac
822 617 861 664 ne
878 597 939 664 hoc
962 599 1092 681 quidem
1114 600 1257 682 legentes

105 698 206 780 fugiet
217 704 379 765 auctorem
392 718 457 764 non
471 700 533 764 nisi
548 699 663 765 leviter
679 701 838 783 privatum
854 699 983 766 dicendi
996 721 1086 766 usum
1102 703 1257 786 tetigisse,

105 801 194 865 culus
211 801 258 866 rei
273 808 323 866 sat
339 821 488 884 magnum
506 809 554 867 est
569 803 783 867 testimonium
799 803 941 868 locorum
963 805 1117 886 paucitas,
1141 805 1256 886 quibus

106 903 174 967 eius
196 903 273 969 facit
303 904 511 968 mentionem:
542 902 899 986 Sp.1(174,21.26.);
930 906 1007 988 228,
1028 910 1081 988 ¹73
1105 907 1256 990 238,14;

105 1008 182 1086 239,
206 1009 225 1070 9
249 1005 286 1080 (si
317 1005 412 1072 modo
441 1007 613 1089 genuinum
643 1027 669 1072 ο.
693 1007 884 1088 XXXVIII,
914 1007 953 1072 of.
976 1007 1164 1091 Iplelkoleri
1191 1010 1211 1072 l.
1235 1010 1256 1073 I.

105 1128 134 1190 p.
159 1111 198 1170 27
222 1109 314 1191 sqq).
360 1105 430 1185 Quo
464 1127 687 1190 commoveor,
721 1116 755 1174 ut
788 1110 820 1173 in
854 1109 1095 1191 interpretanda
1127 1111 1256 1176 notione

104 1209 278 1273 πολιτικοῦ
303 1207 400 1292 λόγου
424 1211 542 1295 privati
565 1211 693 1277 dicendi
711 1231 785 1278 usus
805 1211 998 1277 mentionem
1021 1212 1256 1295 respiciendam

104 1333 166 1378 non
197 1331 354 1378 censeam.
399 1311 480 1377 Sunt
510 1313 606 1394 igitur
634 1313 853 1376 πολιτικοὶ
884 1308 999 1395 λόγοι
1030 1315 1152 1380 auctori
1174 1313 1256 1380 rhet.

103 1414 144 1479 ad
169 1414 262 1481 Alex.
285 1434 343 1480 eae
365 1415 541 1498 orationes,
564 1435 665 1499 quae
688 1422 902 1480 versantur
924 1416 964 1480 ln
985 1417 1168 1498 negotiis
1186 1437 1255 1500 pu·

102 1517 227 1584 bIIcis
249 1517 313 1584 vel
335 1517 550 1600 civilibus,
581 1516 733 1584 videlicet
754 1518 952 1584 contionales
968 1524 999 1584 et
1021 1517 1199 1601 iudiciales,
1223 1526 1257 1585 ut

103 1619 224 1686 diserte
247 1619 326 1686 dicit
347 1627 469 1702 auctor,
493 1625 619 1704 praeter
643 1619 700 1685 has
723 1620 840 1685 nullae.

190 1722 337 1805 Denique
361 1743 441 1788 unus
464 1727 570 1788 exstat
595 1723 627 1786 in
651 1721 710 1788 lroo
740 1723 851 1788 libello
879 1723 984 1803 locus,
1014 1721 1055 1786 de
1085 1742 1147 1804 quo
1170 1730 1256 1789 recto

102 1824 344 1909 interpretando
361 1823 510 1906 equidem
530 1822 676 1907 despero,
700 1825 849 1889 nimirum
864 1844 890 1890 c.
907 1824 1065 1888 XXXVII
1081 1823 1136 1908 Sp.
1153 1825 1167 1888 I
1184 1827 1255 1906 238,

104 1929 141 1989 10
155 1946 222 2010 sq,
245 1927 300 1992 ubi
323 1933 525 2010 opponuntur
549 1922 713 2002 ἐξετάσεις
737 1923 770 1990 ἐν
791 1924 852 2007 μὲν
874 1937 945 2000 τοῖς
967 1924 1156 2000 πολιτικοῖς
1179 1929 1255 1990 σολ-

102 2025 216 2110 λόγοις
239 2063 281 2074 -
303 2025 337 2092 ἐν
360 2025 395 2092 δὲ
418 2039 489 2104 τοῖς
512 2025 613 2104 ἰδίοις
638 2063 674 2073 -
700 2025 733 2092 ἐν
757 2025 792 2092 ot
814 2039 885 2103 τοῖς
907 2025 1096 2114 ὁιγμοσίοιςι
1122 2049 1161 2094 ac
1183 2050 1255 2112 pro-

100 2132 187 2196 lecto
210 2132 286 2214 quia
307 2132 452 2196 ultimum
474 2151 575 2214 genus
604 2131 773 2197 manifesto
804 2137 868 2212 est,
900 2131 987 2213 quod
1009 2131 1059 2196 ad
1081 2150 1162 2198 rem
1185 2151 1254 2215 pu-

100 2233 256 2300 blicam
278 2241 412 2317 speetat‚
437 2235 573 2316 primum
597 2253 728 2299 neccsse
751 2239 800 2298 est
815 2233 857 2298 sit
872 2233 1094 2316 iudiciale,
1117 2233 1204 2316 quod
1219 2253 1254 2299 re

102 2355 180 2400 vera
201 2337 246 2400 ita
268 2355 338 2401 esse
361 2337 458 2400 etiam
482 2335 588 2400 verbIs
612 2353 694 2416 quae
717 2355 770 2399 vv.
796 2337 920 2399 11-13
944 2341 1070 2400 exstant
1092 2335 1253 2417 probatur.

102 2435 164 2513 Qui
180 2455 257 2502 vero
273 2435 443 2500 πολιιικοὶ
467 2433 623 2516 σύλλογοι
646 2436 798 2518 (oppositi
822 2433 1007 2522 δημοσίοις)
1031 2435 1254 2503 iudiciales

101 2547 277 2605 conventus
292 2539 451 2622 appellari
474 2539 607 2622 possint,
631 2557 694 2603 non
710 2539 813 2620 magis
830 2537 980 2622 equidem
995 2539 1062 2604 scio
1079 2536 1253 2623 Spengelio

102 2641 152 2716 (cf.
166 2647 337 2708 comment.
350 2662 382 2725 p.
398 2643 456 2706 103
469 2649 501 2707 et
513 2643 603 2724 272);
620 2641 803 2706 nemetiam
816 2660 876 2723 ego
893 2641 1077 2724 exemplum
1093 2640 1253 2724 desidero,

101 2762 164 2825 quo
190 2744 255 2808 tale
279 2744 356 2826 quid
379 2745 499 2810 factum
523 2763 593 2810 esse
616 2743 831 2825 comprobem.

189 2845 279 2913 Haec
308 2846 348 2912 de
377 2853 506 2913 auctore
535 2845 714 2912 rhetoricae
743 2845 786 2912 ad
809 2844 1036 2911 Alexandrum.
1081 2845 1164 2910 Nam
1195 2845 1253 2910 lal-

99 2949 220 3014 sarium
243 2949 394 3015 miserum
417 2949 576 3032 epistulae
599 2949 795 3032 praemissae
818 2946 885 3032 (Sp.
901 2948 917 3013 Ι
935 2952 1004 3031 174,
1023 2950 1074 3024 12)
1096 2943 1253 3011 πολιτικὰ

99 3052 152 3114 καὶ
185 3047 336 3114 donatist
359 3050 620 3134 παραγγέλματα
648 3051 694 3116 ila
722 3050 831 3116 dicere
853 3083 895 3095 -
917 3051 945 3117 si
967 3050 1063 3116 modo
1086 3069 1182 3118 sanus
1205 3057 1254 3116 est

99 3155 206 3234 Iocus,
230 3153 268 3219 el.
292 3152 460 3237 Spengelii
482 3159 649 3220 comment.
672 3173 702 3236 p.
720 3155 759 3219 98
784 3188 841 3236 -,
871 3159 905 3218 ut
927 3173 992 3218 vox
1014 3149 1189 3228 πολιτικὸς
1212 3152 1252 3219 de

99 3257 176 3322 solis
194 3255 388 3338 demagoriis
404 3257 521 3339 valeat,
545 3275 616 3322 cnm
631 3256 664 3320 in
687 3256 844 3340 epistulae
867 3256 978 3338 primis
994 3255 1139 3322 versibus
1154 3253 1221 3338 (Sp.
1239 3256 1254 3320 I

102 3361 173 3440 171,
192 3360 223 3434 3)
247 3359 323 3424 item
338 3365 435 3440 atque
457 3377 551 3424 verus
574 3363 684 3423 auctor
706 3358 835 3423 notione
858 3356 1033 3421 πολιτικοῦ
1056 3353 1153 3440 λόγου
1177 3377 1252 3424 usus

99 3461 149 3543 sit,
173 3461 231 3526 οἰκ
254 3459 386 3542 dignum
408 3466 456 3526 est
479 3459 565 3542 qnod
587 3465 789 3525 memoretur.

185 3562 267 3627 Eum
282 3569 400 3643 autem,
424 3580 518 3643 quem
540 3562 574 3626 in
591 3559 751 3627 rhetorica
772 3560 815 3626 ad
830 3560 1050 3626 Alexandrum
1073 3559 1253 3626 invenimus

100 3664 254 3746 cuiusque
269 3670 357 3730 certa
378 3663 498 3729 indIcia
514 3663 611 3730 etiam
626 3662 714 3746 apud
728 3663 933 3730 Aristotelem
956 3668 1091 3745 exstant,
1115 3662 1252 3728 notionis

99 3764 275 3829 πολιτικοῦ
304 3762 401 3848 λόγου
431 3785 538 3848 usum,
572 3785 635 3848 qno
663 3764 975 3848 comprehenduntur
1003 3762 1065 3830 hac
1092 3763 1252 3830 locutione

100 3867 297 3932 contionales
320 3875 352 3932 et
374 3866 542 3934 iudiciales
565 3867 742 3950 orationes,
772 3867 864 3949 quasi
886 3866 1139 3950 primarium,
1166 3872 1251 3932 certe

99 3968 389 4052 frequentissimum
406 3989 476 4035 esse
492 3968 683 4036 videbimus.
720 3968 833 4051 Neque
849 3967 965 4035 frustra
981 3988 1053 4035 eum
1070 3969 1251 4051 quaerimus

99 4070 187 4154 apud
210 4091 292 4155 eum,
315 4069 359 4137 ad
382 4090 477 4154 quem
501 4073 565 4138 iam
588 4071 742 4154 ducimur,
766 4069 995 4155 philosophum
