<?xml version="1.0" encoding="UTF-8"?>
<!DOCTYPE html PUBLIC "-//W3C//DTD XHTML 1.0 Transitional//EN"
    "http://www.w3.org/TR/xhtml1/DTD/xhtml1-transitional.dtd">
<html xmlns="http://www.w3.org/1999/xhtml" xml:lang="en" lang="en">
 <head>
  <title>
</title>
<meta http-equiv="Content-Type" content="text/html;charset=utf-8" />
  <meta name='ocr-system' content='tesseract 3.04.00' />
  <meta name='ocr-capabilities' content='ocr_page ocr_carea ocr_par ocr_line ocrx_word'/>
</head>
<body>
  <div class='ocr_page' id='page_1' title='image "./denotionumpolit00brangoog_0013.png"; bbox 0 0 2990 4886; ppageno 0'>
   <div class='ocr_carea' id='block_1_1' title="bbox 223 315 977 395">
    <p class='ocr_par' dir='ltr' id='par_1_1' title="bbox 223 315 977 395">
     <span class='ocr_line' id='line_1_1' title="bbox 223 315 977 395; baseline -0.009 -18"><span class='ocrx_word' id='word_1_1' title='bbox 223 320 284 378; x_wconf 89' lang='grc'>134</span> <span class='ocrx_word' id='word_1_2' title='bbox 640 317 753 374; x_wconf 79' lang='lat' dir='ltr'>carolus</span> <span class='ocrx_word' id='word_1_3' title='bbox 772 315 977 395; x_wconf 79' lang='lat' dir='ltr'>Brendstuotter</span> 
     </span>
    </p>
   </div>
   <div class='ocr_carea' id='block_1_2' title="bbox 222 488 1385 880">
    <p class='ocr_par' dir='ltr' id='par_1_2' title="bbox 222 488 1385 880">
     <span class='ocr_line' id='line_1_2' title="bbox 222 488 1384 574; baseline -0.004 -15"><span class='ocrx_word' id='word_1_4' title='bbox 222 493 373 560; x_wconf 89' lang='lat' dir='ltr'>stides</span> <span class='ocrx_word' id='word_1_5' title='bbox 395 493 465 558; x_wconf 89' lang='lat' dir='ltr'>als</span> <span class='ocrx_word' id='word_1_6' title='bbox 488 493 617 574; x_wconf 78' lang='lat' dir='ltr'>Repu.</span> <span class='ocrx_word' id='word_1_7' title='bbox 641 490 671 556; x_wconf 89' lang='lat' dir='ltr'>d.</span> <span class='ocrx_word' id='word_1_8' title='bbox 695 489 819 573; x_wconf 88' lang='lat' dir='ltr'>soph.</span> <span class='ocrx_word' id='word_1_9' title='bbox 842 488 969 556; x_wconf 88' lang='lat' dir='ltr'>Rhet.</span> <span class='ocrx_word' id='word_1_10' title='bbox 1000 488 1079 555; x_wconf 90' lang='lat' dir='ltr'>des</span> <span class='ocrx_word' id='word_1_11' title='bbox 1108 489 1149 554; x_wconf 89' lang='lat' dir='ltr'>Il.</span> <span class='ocrx_word' id='word_1_12' title='bbox 1174 488 1328 556; x_wconf 90' lang='lat' dir='ltr'>Jahrh.</span> <span class='ocrx_word' id='word_1_13' title='bbox 1352 489 1384 554; x_wconf 89' lang='lat' dir='ltr'>d.</span> 
     </span>
     <span class='ocr_line' id='line_1_3' title="bbox 224 590 1385 676; baseline -0.003 -17"><span class='ocrx_word' id='word_1_14' title='bbox 224 595 528 676; x_wconf 78' lang='lat' dir='ltr'>Kairerz.1874),</span> <span class='ocrx_word' id='word_1_15' title='bbox 551 591 929 659; x_wconf 82' lang='lat' dir='ltr'>RioVolkmannus</span> <span class='ocrx_word' id='word_1_16' title='bbox 947 590 1162 669; x_wconf 87' lang='lat' dir='ltr'>(DieRhet.</span> <span class='ocrx_word' id='word_1_17' title='bbox 1185 591 1385 658; x_wconf 84' lang='lat' dir='ltr'>derGrie-</span> 
     </span>
     <span class='ocr_line' id='line_1_4' title="bbox 226 693 1383 777; baseline -0.003 -15"><span class='ocrx_word' id='word_1_18' title='bbox 226 696 380 763; x_wconf 88' lang='lat' dir='ltr'>ohenu.</span> <span class='ocrx_word' id='word_1_19' title='bbox 405 693 1383 777; x_wconf 80' lang='lat' dir='ltr'>Rdmer²1885;etianb.d.Altert.-wissensoh.</span> 
     </span>
     <span class='ocr_line' id='line_1_5' title="bbox 225 789 1384 880; baseline -0.003 -16"><span class='ocrx_word' id='word_1_20' title='bbox 225 799 288 864; x_wconf 85' lang='lat' dir='ltr'>lw.</span> <span class='ocrx_word' id='word_1_21' title='bbox 312 799 499 865; x_wconf 85' lang='lat' dir='ltr'>Mltlleri¹</span> <span class='ocrx_word' id='word_1_22' title='bbox 528 789 1000 880; x_wconf 73' lang='lat' dir='ltr'>11455sqq.¹)),&#39;Blassius</span> <span class='ocrx_word' id='word_1_23' title='bbox 1029 796 1116 872; x_wconf 88' lang='lat' dir='ltr'>(Die</span> <span class='ocrx_word' id='word_1_24' title='bbox 1138 802 1206 861; x_wconf 91' lang='lat' dir='ltr'>att.</span> <span class='ocrx_word' id='word_1_25' title='bbox 1234 795 1384 861; x_wconf 91' lang='lat' dir='ltr'>Bered·</span> 
     </span>
    </p>
   </div>
   <div class='ocr_carea' id='block_1_3' title="bbox 226 894 1484 983">
    <p class='ocr_par' dir='ltr' id='par_1_3' title="bbox 226 894 1484 983">
     <span class='ocr_line' id='line_1_6' title="bbox 226 894 1484 983; baseline -0.002 -22"><span class='ocrx_word' id='word_1_26' title='bbox 226 900 421 966; x_wconf 82' lang='lat' dir='ltr'>samkeit²</span> <span class='ocrx_word' id='word_1_27' title='bbox 450 900 481 965; x_wconf 97' lang='lat' dir='ltr'>Il</span> <span class='ocrx_word' id='word_1_28' title='bbox 502 921 533 983; x_wconf 89' lang='lat' dir='ltr'>p.</span> <span class='ocrx_word' id='word_1_29' title='bbox 558 903 619 964; x_wconf 82' lang='lat'>107</span> <span class='ocrx_word' id='word_1_30' title='bbox 649 905 682 965; x_wconf 89' lang='lat' dir='ltr'>et</span> <span class='ocrx_word' id='word_1_31' title='bbox 711 901 801 980; x_wconf 81' lang='grc'><strong><em>383),</em></strong></span> <span class='ocrx_word' id='word_1_32' title='bbox 832 918 925 981; x_wconf 93' lang='lat' dir='ltr'>quem</span> <span class='ocrx_word' id='word_1_33' title='bbox 957 899 1182 981; x_wconf 83' lang='lat' dir='ltr'>intellegerent</span> <span class='ocrx_word' id='word_1_34' title='bbox 1210 894 1385 961; x_wconf 71' lang='lat' dir='ltr'>antimaria</span> <span class='ocrx_word' id='word_1_35' title='bbox 1482 935 1484 944; x_wconf 36' lang='grc' dir='ltr'><strong><em>ι</em></strong></span> 
     </span>
    </p>
   </div>
   <div class='ocr_carea' id='block_1_4' title="bbox 227 999 1385 1288">
    <p class='ocr_par' dir='ltr' id='par_1_4' title="bbox 227 999 1385 1288">
     <span class='ocr_line' id='line_1_7' title="bbox 227 999 1384 1086; baseline -0.002 -21"><span class='ocrx_word' id='word_1_36' title='bbox 227 999 325 1086; x_wconf 86' lang='grc' dir='ltr'><strong><em>λόγον</em></strong></span> <span class='ocrx_word' id='word_1_37' title='bbox 340 1023 404 1068; x_wconf 95' lang='lat' dir='ltr'>non</span> <span class='ocrx_word' id='word_1_38' title='bbox 419 1007 592 1086; x_wconf 91' lang='lat' dir='ltr'>potnerunt</span> <span class='ocrx_word' id='word_1_39' title='bbox 606 1021 670 1066; x_wconf 94' lang='lat' dir='ltr'>non</span> <span class='ocrx_word' id='word_1_40' title='bbox 687 1001 851 1066; x_wconf 86' lang='lat' dir='ltr'>declarare</span> <span class='ocrx_word' id='word_1_41' title='bbox 868 1001 1011 1066; x_wconf 82' lang='lat' dir='ltr'>strictim.</span> <span class='ocrx_word' id='word_1_42' title='bbox 1049 1000 1116 1065; x_wconf 92' lang='lat' dir='ltr'>Iam</span> <span class='ocrx_word' id='word_1_43' title='bbox 1133 999 1225 1066; x_wconf 88' lang='lat' dir='ltr'>vides</span> <span class='ocrx_word' id='word_1_44' title='bbox 1242 1001 1384 1083; x_wconf 87' lang='lat' dir='ltr'>ipsorum</span> 
     </span>
     <span class='ocr_line' id='line_1_8' title="bbox 227 1103 1047 1185; baseline -0.004 -16"><span class='ocrx_word' id='word_1_45' title='bbox 227 1111 372 1171; x_wconf 88' lang='lat' dir='ltr'>veterum</span> <span class='ocrx_word' id='word_1_46' title='bbox 395 1104 494 1170; x_wconf 87' lang='lat' dir='ltr'>libros</span> <span class='ocrx_word' id='word_1_47' title='bbox 517 1123 615 1169; x_wconf 92' lang='lat' dir='ltr'>unum</span> <span class='ocrx_word' id='word_1_48' title='bbox 637 1103 731 1169; x_wconf 90' lang='lat' dir='ltr'>nobis</span> <span class='ocrx_word' id='word_1_49' title='bbox 753 1103 891 1185; x_wconf 87' lang='lat' dir='ltr'>relinqui</span> <span class='ocrx_word' id='word_1_50' title='bbox 914 1103 1047 1168; x_wconf 84' lang='lat' dir='ltr'>fontem.</span> 
     </span>
     <span class='ocr_line' id='line_1_9' title="bbox 314 1204 1385 1288; baseline -0.001 -18"><span class='ocrx_word' id='word_1_51' title='bbox 314 1206 443 1272; x_wconf 87' lang='lat' dir='ltr'>Initium</span> <span class='ocrx_word' id='word_1_52' title='bbox 459 1224 614 1272; x_wconf 88' lang='lat' dir='ltr'>oensnrae</span> <span class='ocrx_word' id='word_1_53' title='bbox 629 1211 758 1270; x_wconf 86' lang='lat' dir='ltr'>nostrae</span> <span class='ocrx_word' id='word_1_54' title='bbox 780 1204 935 1270; x_wconf 82' lang='lat' dir='ltr'>iaciamus</span> <span class='ocrx_word' id='word_1_55' title='bbox 958 1205 999 1269; x_wconf 89' lang='lat' dir='ltr'>ab</span> <span class='ocrx_word' id='word_1_56' title='bbox 1022 1204 1221 1288; x_wconf 80' lang='lat' dir='ltr'>Isocrate,</span> <span class='ocrx_word' id='word_1_57' title='bbox 1245 1205 1299 1287; x_wconf 93' lang='lat' dir='ltr'>qui</span> <span class='ocrx_word' id='word_1_58' title='bbox 1323 1225 1385 1287; x_wconf 91' lang='lat' dir='ltr'>quo</span> 
     </span>
    </p>
   </div>
   <div class='ocr_carea' id='block_1_5' title="bbox 73 1303 1384 1390">
    <p class='ocr_par' dir='ltr' id='par_1_5' title="bbox 73 1303 1384 1390">
     <span class='ocr_line' id='line_1_10' title="bbox 73 1303 1384 1390; baseline -0.003 -14"><span class='ocrx_word' id='word_1_59' title='bbox 73 1303 136 1356; x_wconf 59' lang='lat' dir='ltr'><em>f</em></span> <span class='ocrx_word' id='word_1_60' title='bbox 228 1327 322 1375; x_wconf 88' lang='lat' dir='ltr'>seusu</span> <span class='ocrx_word' id='word_1_61' title='bbox 339 1309 469 1374; x_wconf 90' lang='lat' dir='ltr'>notione</span> <span class='ocrx_word' id='word_1_62' title='bbox 489 1303 664 1382; x_wconf 84' lang='grc' dir='ltr'><strong><em>πολιτικὸς</em></strong></span> <span class='ocrx_word' id='word_1_63' title='bbox 687 1304 783 1390; x_wconf 86' lang='grc' dir='ltr'><strong><em>λόγος</em></strong></span> <span class='ocrx_word' id='word_1_64' title='bbox 806 1341 846 1350; x_wconf 89' lang='grc'>-</span> <span class='ocrx_word' id='word_1_65' title='bbox 871 1305 931 1372; x_wconf 85' lang='lat' dir='ltr'>hau</span> <span class='ocrx_word' id='word_1_66' title='bbox 954 1307 1040 1372; x_wconf 92' lang='lat' dir='ltr'>enim</span> <span class='ocrx_word' id='word_1_67' title='bbox 1063 1307 1225 1373; x_wconf 82' lang='lat' dir='ltr'>locutione</span> <span class='ocrx_word' id='word_1_68' title='bbox 1248 1307 1384 1390; x_wconf 92' lang='lat' dir='ltr'>plerum·</span> 
     </span>
    </p>
   </div>
   <div class='ocr_carea' id='block_1_6' title="bbox 183 1407 1480 3841">
    <p class='ocr_par' dir='ltr' id='par_1_6' title="bbox 229 1407 1388 2204">
     <span class='ocr_line' id='line_1_11' title="bbox 229 1407 1385 1493; baseline -0.001 -19"><span class='ocrx_word' id='word_1_69' title='bbox 229 1430 291 1493; x_wconf 89' lang='lat' dir='ltr'>que</span> <span class='ocrx_word' id='word_1_70' title='bbox 322 1408 383 1476; x_wconf 87' lang='lat' dir='ltr'>hoe</span> <span class='ocrx_word' id='word_1_71' title='bbox 411 1408 608 1476; x_wconf 84' lang='lat' dir='ltr'>adieetivum</span> <span class='ocrx_word' id='word_1_72' title='bbox 630 1407 765 1474; x_wconf 87' lang='lat' dir='ltr'>adhibet</span> <span class='ocrx_word' id='word_1_73' title='bbox 794 1409 987 1492; x_wconf 83' lang='lat' dir='ltr'>proprieque</span> <span class='ocrx_word' id='word_1_74' title='bbox 1017 1407 1051 1473; x_wconf 89' lang='lat' dir='ltr'>id</span> <span class='ocrx_word' id='word_1_75' title='bbox 1073 1428 1174 1491; x_wconf 85' lang='lat' dir='ltr'>genus</span> <span class='ocrx_word' id='word_1_76' title='bbox 1198 1409 1385 1491; x_wconf 90' lang='lat' dir='ltr'>orationum,</span> 
     </span>
     <span class='ocr_line' id='line_1_12' title="bbox 229 1509 1385 1596; baseline -0.003 -18"><span class='ocrx_word' id='word_1_77' title='bbox 229 1513 281 1578; x_wconf 90' lang='lat' dir='ltr'>oui</span> <span class='ocrx_word' id='word_1_78' title='bbox 310 1512 381 1596; x_wconf 89' lang='lat' dir='ltr'>ipse</span> <span class='ocrx_word' id='word_1_79' title='bbox 409 1510 555 1594; x_wconf 82' lang='lat' dir='ltr'>indulget</span> <span class='ocrx_word' id='word_1_80' title='bbox 577 1512 731 1593; x_wconf 85' lang='lat' dir='ltr'>uniusque</span> <span class='ocrx_word' id='word_1_81' title='bbox 754 1509 928 1594; x_wconf 81' lang='lat' dir='ltr'>disciplina</span> <span class='ocrx_word' id='word_1_82' title='bbox 950 1509 1047 1575; x_wconf 84' lang='lat' dir='ltr'>valde</span> <span class='ocrx_word' id='word_1_83' title='bbox 1071 1511 1241 1593; x_wconf 88' lang='lat' dir='ltr'>gloriatur,</span> <span class='ocrx_word' id='word_1_84' title='bbox 1264 1511 1307 1575; x_wconf 87' lang='lat' dir='ltr'>ita</span> <span class='ocrx_word' id='word_1_85' title='bbox 1331 1531 1385 1594; x_wconf 91' lang='lat' dir='ltr'>ap-</span> 
     </span>
     <span class='ocr_line' id='line_1_13' title="bbox 230 1612 1386 1697; baseline -0.001 -18"><span class='ocrx_word' id='word_1_86' title='bbox 230 1614 333 1697; x_wconf 87' lang='lat' dir='ltr'>pellat</span> <span class='ocrx_word' id='word_1_87' title='bbox 354 1649 396 1660; x_wconf 94' lang='lat'><em>-</em></span> <span class='ocrx_word' id='word_1_88' title='bbox 419 1619 525 1678; x_wconf 90' lang='lat' dir='ltr'>utatur</span> <span class='ocrx_word' id='word_1_89' title='bbox 547 1619 719 1696; x_wconf 82' lang='lat' dir='ltr'>propterea</span> <span class='ocrx_word' id='word_1_90' title='bbox 739 1632 803 1678; x_wconf 93' lang='lat' dir='ltr'>non</span> <span class='ocrx_word' id='word_1_91' title='bbox 832 1612 927 1678; x_wconf 82' lang='lat' dir='ltr'>facile</span> <span class='ocrx_word' id='word_1_92' title='bbox 951 1619 1000 1678; x_wconf 88' lang='lat' dir='ltr'>est</span> <span class='ocrx_word' id='word_1_93' title='bbox 1027 1613 1070 1678; x_wconf 92' lang='lat' dir='ltr'>ad</span> <span class='ocrx_word' id='word_1_94' title='bbox 1093 1612 1386 1696; x_wconf 88' lang='lat' dir='ltr'>demonstrandum,</span> 
     </span>
     <span class='ocr_line' id='line_1_14' title="bbox 231 1714 1386 1798; baseline -0.002 -17"><span class='ocrx_word' id='word_1_95' title='bbox 231 1716 307 1798; x_wconf 90' lang='lat' dir='ltr'>quia</span> <span class='ocrx_word' id='word_1_96' title='bbox 322 1715 435 1781; x_wconf 88' lang='lat' dir='ltr'>solidis</span> <span class='ocrx_word' id='word_1_97' title='bbox 458 1714 639 1781; x_wconf 75' lang='lat' dir='ltr'>rhetoricae</span> <span class='ocrx_word' id='word_1_98' title='bbox 661 1715 739 1781; x_wconf 88' lang='lat' dir='ltr'>artis</span> <span class='ocrx_word' id='word_1_99' title='bbox 762 1715 872 1780; x_wconf 89' lang='lat' dir='ltr'>formis</span> <span class='ocrx_word' id='word_1_100' title='bbox 895 1715 1035 1780; x_wconf 91' lang='lat' dir='ltr'>noudum</span> <span class='ocrx_word' id='word_1_101' title='bbox 1059 1715 1185 1781; x_wconf 82' lang='lat' dir='ltr'>usitatis</span> <span class='ocrx_word' id='word_1_102' title='bbox 1208 1716 1386 1781; x_wconf 90' lang='lat' dir='ltr'>orationum</span> 
     </span>
     <span class='ocr_line' id='line_1_15' title="bbox 231 1813 1388 1901; baseline 0.001 -21"><span class='ocrx_word' id='word_1_103' title='bbox 231 1835 351 1898; x_wconf 86' lang='lat' dir='ltr'>genera</span> <span class='ocrx_word' id='word_1_104' title='bbox 365 1813 415 1880; x_wconf 93' lang='lat' dir='ltr'>his</span> <span class='ocrx_word' id='word_1_105' title='bbox 428 1815 627 1898; x_wconf 86' lang='lat' dir='ltr'>temporibus</span> <span class='ocrx_word' id='word_1_106' title='bbox 643 1834 706 1880; x_wconf 90' lang='lat' dir='ltr'>nun</span> <span class='ocrx_word' id='word_1_107' title='bbox 723 1816 808 1882; x_wconf 84' lang='lat' dir='ltr'>clare</span> <span class='ocrx_word' id='word_1_108' title='bbox 825 1816 1062 1898; x_wconf 85' lang='lat' dir='ltr'>distinguuntur</span> <span class='ocrx_word' id='word_1_109' title='bbox 1079 1817 1243 1900; x_wconf 82' lang='lat' dir='ltr'>ipsiusque</span> <span class='ocrx_word' id='word_1_110' title='bbox 1257 1818 1388 1901; x_wconf 88' lang='lat' dir='ltr'>insuper</span> 
     </span>
     <span class='ocr_line' id='line_1_16' title="bbox 230 1913 1385 2002; baseline 0.001 -20"><span class='ocrx_word' id='word_1_111' title='bbox 230 1917 382 1984; x_wconf 79' lang='lat' dir='ltr'>Isocratis</span> <span class='ocrx_word' id='word_1_112' title='bbox 417 1913 629 2000; x_wconf 75' lang='grc' dir='ltr'><strong><em>συντάγματα</em></strong></span> <span class='ocrx_word' id='word_1_113' title='bbox 656 1938 747 1984; x_wconf 87' lang='lat' dir='ltr'>suum</span> <span class='ocrx_word' id='word_1_114' title='bbox 778 1918 840 1983; x_wconf 88' lang='lat' dir='ltr'>sibi</span> <span class='ocrx_word' id='word_1_115' title='bbox 873 1919 1039 2002; x_wconf 90' lang='lat' dir='ltr'>proprium</span> <span class='ocrx_word' id='word_1_116' title='bbox 1073 1920 1178 1985; x_wconf 79' lang='lat' dir='ltr'>locum</span> <span class='ocrx_word' id='word_1_117' title='bbox 1212 1919 1385 1985; x_wconf 83' lang='lat' dir='ltr'>vindicant.</span> 
     </span>
     <span class='ocr_line' id='line_1_17' title="bbox 231 2019 1387 2105; baseline 0.002 -21"><span class='ocrx_word' id='word_1_118' title='bbox 231 2019 409 2085; x_wconf 78' lang='lat' dir='ltr'>Exoremus</span> <span class='ocrx_word' id='word_1_119' title='bbox 424 2019 522 2102; x_wconf 84' lang='lat' dir='ltr'>igitur</span> <span class='ocrx_word' id='word_1_120' title='bbox 541 2019 679 2101; x_wconf 92' lang='lat' dir='ltr'>primum</span> <span class='ocrx_word' id='word_1_121' title='bbox 697 2038 745 2103; x_wconf 90' lang='lat' dir='ltr'>ea,</span> <span class='ocrx_word' id='word_1_122' title='bbox 769 2039 852 2102; x_wconf 86' lang='lat' dir='ltr'>quae</span> <span class='ocrx_word' id='word_1_123' title='bbox 876 2020 1034 2086; x_wconf 81' lang='lat' dir='ltr'>Isocrates</span> <span class='ocrx_word' id='word_1_124' title='bbox 1057 2021 1201 2105; x_wconf 84' lang='lat' dir='ltr'>praebet,</span> <span class='ocrx_word' id='word_1_125' title='bbox 1226 2022 1387 2105; x_wconf 86' lang='lat' dir='ltr'>exempla,</span> 
     </span>
     <span class='ocr_line' id='line_1_18' title="bbox 229 2120 878 2204; baseline 0 -18"><span class='ocrx_word' id='word_1_126' title='bbox 229 2128 264 2186; x_wconf 92' lang='lat' dir='ltr'>ut</span> <span class='ocrx_word' id='word_1_127' title='bbox 286 2121 327 2186; x_wconf 92' lang='lat' dir='ltr'>de</span> <span class='ocrx_word' id='word_1_128' title='bbox 351 2139 446 2187; x_wconf 87' lang='lat' dir='ltr'>sensu</span> <span class='ocrx_word' id='word_1_129' title='bbox 469 2120 638 2203; x_wconf 90' lang='lat' dir='ltr'>postmodo</span> <span class='ocrx_word' id='word_1_130' title='bbox 663 2120 878 2204; x_wconf 88' lang='lat' dir='ltr'>disputemus:</span> 
     </span>
    </p>

    <p class='ocr_par' dir='ltr' id='par_1_7' title="bbox 183 2217 1391 2616">
     <span class='ocr_line' id='line_1_19' title="bbox 316 2217 1388 2308; baseline 0 -19"><span class='ocrx_word' id='word_1_131' title='bbox 316 2222 369 2290; x_wconf 88' lang='lat' dir='ltr'>Or.</span> <span class='ocrx_word' id='word_1_132' title='bbox 385 2223 447 2287; x_wconf 89' lang='lat' dir='ltr'>XV</span> <span class='ocrx_word' id='word_1_133' title='bbox 463 2224 503 2285; x_wconf 87' lang='grc'>46</span> <span class='ocrx_word' id='word_1_134' title='bbox 526 2223 678 2306; x_wconf 85' lang='lat' dir='ltr'>legimus:</span> <span class='ocrx_word' id='word_1_135' title='bbox 708 2220 916 2308; x_wconf 79' lang='grc' dir='ltr'><em>προῄρηνται</em></span> <span class='ocrx_word' id='word_1_136' title='bbox 941 2220 1084 2308; x_wconf 77' lang='grc' dir='ltr'><em>γράφειν</em></span> <span class='ocrx_word' id='word_1_137' title='bbox 1107 2223 1224 2308; x_wconf 77' lang='grc' dir='ltr'><strong><em>λόγους</em></strong></span> <span class='ocrx_word' id='word_1_138' title='bbox 1248 2217 1286 2289; x_wconf 81' lang='grc' dir='ltr'>οὗ</span> <span class='ocrx_word' id='word_1_139' title='bbox 1310 2225 1388 2305; x_wconf 85' lang='grc' dir='ltr'><strong><em>περὶ</em></strong></span> 
     </span>
     <span class='ocr_line' id='line_1_20' title="bbox 183 2316 1388 2411; baseline 0.003 -23"><span class='ocrx_word' id='word_1_140' title='bbox 183 2321 188 2328; x_wconf 71' lang='grc'><strong>’</strong></span> <span class='ocrx_word' id='word_1_141' title='bbox 229 2326 296 2388; x_wconf 90' lang='grc' dir='ltr'><strong><em>τῶν</em></strong></span> <span class='ocrx_word' id='word_1_142' title='bbox 311 2318 477 2406; x_wconf 78' lang='grc' dir='ltr'><strong><em>ὑμετέρων</em></strong></span> <span class='ocrx_word' id='word_1_143' title='bbox 494 2323 717 2406; x_wconf 77' lang='grc' dir='ltr'><strong><em>συμβολαίων,</em></strong></span> <span class='ocrx_word' id='word_1_144' title='bbox 743 2316 810 2388; x_wconf 74' lang='grc' dir='ltr'><strong><em>ἀλλ’</em></strong></span> <span class='ocrx_word' id='word_1_145' title='bbox 829 2320 1033 2411; x_wconf 70' lang='grc' dir='ltr'><strong><em>Ἑλληνικοί-ς</em></strong></span> <span class='ocrx_word' id='word_1_146' title='bbox 1047 2327 1102 2390; x_wconf 89' lang='grc' dir='ltr'>καὶ</span> <span class='ocrx_word' id='word_1_147' title='bbox 1119 2327 1388 2407; x_wconf 80' lang='grc' dir='ltr'><strong><em>πολιτικοὺς,</em></strong></span> 
     </span>
     <span class='ocr_line' id='line_1_21' title="bbox 231 2414 1391 2517; baseline 0.003 -26"><span class='ocrx_word' id='word_1_148' title='bbox 231 2424 288 2503; x_wconf 74' lang='grc' dir='ltr'>οὓς</span> <span class='ocrx_word' id='word_1_149' title='bbox 305 2418 452 2502; x_wconf 72' lang='grc' dir='ltr'><strong><em>ἅπαντες</em></strong></span> <span class='ocrx_word' id='word_1_150' title='bbox 469 2414 509 2490; x_wconf 79' lang='grc' dir='ltr'>ῶν</span> <span class='ocrx_word' id='word_1_151' title='bbox 532 2423 675 2513; x_wconf 78' lang='grc' dir='ltr'><strong><em>φήσειαν</em></strong></span> <span class='ocrx_word' id='word_1_152' title='bbox 698 2420 913 2510; x_wconf 77' lang='grc' dir='ltr'><strong><em>ὁμοιοτέρους</em></strong></span> <span class='ocrx_word' id='word_1_153' title='bbox 929 2421 1014 2492; x_wconf 84' lang='grc' dir='ltr'><strong><em>εἶναι</em></strong></span> <span class='ocrx_word' id='word_1_154' title='bbox 1031 2440 1103 2504; x_wconf 84' lang='grc' dir='ltr'><strong><em>τοῖς</em></strong></span> <span class='ocrx_word' id='word_1_155' title='bbox 1124 2426 1208 2510; x_wconf 82' lang='grc' dir='ltr'><strong><em>μετὰ</em></strong></span> <span class='ocrx_word' id='word_1_156' title='bbox 1232 2432 1391 2517; x_wconf 71' lang='grc' dir='ltr'><strong><em>μουσικῆς</em></strong></span> 
     </span>
     <span class='ocr_line' id='line_1_22' title="bbox 230 2518 1341 2616; baseline 0.003 -23"><span class='ocrx_word' id='word_1_157' title='bbox 230 2530 286 2593; x_wconf 86' lang='grc' dir='ltr'>καὶ</span> <span class='ocrx_word' id='word_1_158' title='bbox 310 2529 448 2614; x_wconf 74' lang='grc' dir='ltr'><strong><em>ῥυθμῶν</em></strong></span> <span class='ocrx_word' id='word_1_159' title='bbox 471 2533 714 2614; x_wconf 78' lang='grc' dir='ltr'><strong><em>πεποιημένοις</em></strong></span> <span class='ocrx_word' id='word_1_160' title='bbox 728 2518 749 2616; x_wconf 76' lang='grc' dir='ltr'><em>ἢ</em></span> <span class='ocrx_word' id='word_1_161' title='bbox 764 2541 835 2605; x_wconf 89' lang='grc' dir='ltr'><strong><em>τοῖς</em></strong></span> <span class='ocrx_word' id='word_1_162' title='bbox 859 2527 892 2593; x_wconf 78' lang='grc' dir='ltr'>ἓν</span> <span class='ocrx_word' id='word_1_163' title='bbox 915 2528 1118 2616; x_wconf 80' lang='grc' dir='ltr'><strong><em>δικαστηρίῳ</em></strong></span> <span class='ocrx_word' id='word_1_164' title='bbox 1141 2531 1341 2615; x_wconf 85' lang='grc' dir='ltr'><strong><em>λεγομένοις.</em></strong></span> 
     </span>
    </p>

    <p class='ocr_par' dir='ltr' id='par_1_8' title="bbox 229 2629 1480 3841">
     <span class='ocr_line' id='line_1_23' title="bbox 316 2629 1391 2720; baseline 0.002 -23"><span class='ocrx_word' id='word_1_165' title='bbox 316 2631 399 2697; x_wconf 88' lang='lat' dir='ltr'>lbid.</span> <span class='ocrx_word' id='word_1_166' title='bbox 423 2635 441 2708; x_wconf 66' lang='grc' dir='ltr'><strong>ξ</strong></span> <span class='ocrx_word' id='word_1_167' title='bbox 462 2633 539 2695; x_wconf 84' lang='lat'>260:</span> <span class='ocrx_word' id='word_1_168' title='bbox 574 2629 630 2695; x_wconf 79' lang='lat' dir='ltr'>‘lvo</span> <span class='ocrx_word' id='word_1_169' title='bbox 657 2633 712 2696; x_wconf 88' lang='grc' dir='ltr'>καὶ</span> <span class='ocrx_word' id='word_1_170' title='bbox 742 2630 1003 2715; x_wconf 80' lang='grc' dir='ltr'><strong><em>τοῦτοποιήσω</em></strong></span> <span class='ocrx_word' id='word_1_171' title='bbox 1033 2631 1193 2719; x_wconf 81' lang='grc' dir='ltr'><strong><em>φανερὸν,</em></strong></span> <span class='ocrx_word' id='word_1_172' title='bbox 1229 2631 1280 2698; x_wconf 81' lang='grc' dir='ltr'><strong><em>ὅτι</em></strong></span> <span class='ocrx_word' id='word_1_173' title='bbox 1311 2636 1391 2720; x_wconf 84' lang='grc' dir='ltr'><strong><em>περὶ</em></strong></span> 
     </span>
     <span class='ocr_line' id='line_1_24' title="bbox 229 2728 1391 2820; baseline 0.005 -23"><span class='ocrx_word' id='word_1_174' title='bbox 229 2731 307 2810; x_wconf 72' lang='grc' dir='ltr'><strong><em>τοὺς</em></strong></span> <span class='ocrx_word' id='word_1_175' title='bbox 338 2730 588 2809; x_wconf 82' lang='grc' dir='ltr'><strong><em>πολιτικοὺς</em></strong></span> <span class='ocrx_word' id='word_1_176' title='bbox 617 2731 734 2817; x_wconf 82' lang='grc' dir='ltr'><strong><em>λόγους</em></strong></span> <span class='ocrx_word' id='word_1_177' title='bbox 761 2728 856 2820; x_wconf 80' lang='grc' dir='ltr'><strong><em>ἡμεῖς</em></strong></span> <span class='ocrx_word' id='word_1_178' title='bbox 884 2728 992 2814; x_wconf 74' lang='grc' dir='ltr'><strong><em>ὄντες,</em></strong></span> <span class='ocrx_word' id='word_1_179' title='bbox 1023 2732 1079 2811; x_wconf 77' lang='grc' dir='ltr'>οὓς</span> <span class='ocrx_word' id='word_1_180' title='bbox 1107 2733 1226 2800; x_wconf 77' lang='grc' dir='ltr'><strong><em>ἐκεῖνοί</em></strong></span> <span class='ocrx_word' id='word_1_181' title='bbox 1253 2739 1334 2812; x_wconf 85' lang='lat' dir='ltr'>(soil.</span> <span class='ocrx_word' id='word_1_182' title='bbox 1358 2736 1391 2802; x_wconf 81' lang='grc' dir='ltr'>οἱ</span> 
     </span>
     <span class='ocr_line' id='line_1_25' title="bbox 231 2832 1389 2924; baseline 0.003 -24"><span class='ocrx_word' id='word_1_183' title='bbox 231 2837 310 2918; x_wconf 89' lang='grc' dir='ltr'><strong><em>περὶ</em></strong></span> <span class='ocrx_word' id='word_1_184' title='bbox 333 2832 393 2912; x_wconf 80' lang='grc' dir='ltr'><strong><em>τὰς</em></strong></span> <span class='ocrx_word' id='word_1_185' title='bbox 417 2833 530 2918; x_wconf 72' lang='grc' dir='ltr'><strong><em>ἔριδας</em></strong></span> <span class='ocrx_word' id='word_1_186' title='bbox 554 2833 810 2913; x_wconf 74' lang='grc' dir='ltr'><strong><em>σπουδάζοντες)</em></strong></span> <span class='ocrx_word' id='word_1_187' title='bbox 838 2858 943 2922; x_wconf 87' lang='grc' dir='ltr'><strong><em>φασιν</em></strong></span> <span class='ocrx_word' id='word_1_188' title='bbox 967 2832 1053 2901; x_wconf 84' lang='grc' dir='ltr'><strong><em>εἶναι</em></strong></span> <span class='ocrx_word' id='word_1_189' title='bbox 1076 2836 1389 2924; x_wconf 69' lang='grc' dir='ltr'><strong><em>φιλαπεχθήμονας,</em></strong></span> 
     </span>
     <span class='ocr_line' id='line_1_26' title="bbox 231 2929 1391 3026; baseline 0.003 -24"><span class='ocrx_word' id='word_1_190' title='bbox 231 2935 318 3003; x_wconf 78' lang='grc' dir='ltr'><strong><em>πολὺ</em></strong></span> <span class='ocrx_word' id='word_1_191' title='bbox 343 2935 525 3021; x_wconf 89' lang='grc' dir='ltr'><strong><em>πραότεροι</em></strong></span> <span class='ocrx_word' id='word_1_192' title='bbox 547 2935 747 3020; x_wconf 79' lang='grc' dir='ltr'><strong><em>τυγχάνομεν</em></strong></span> <span class='ocrx_word' id='word_1_193' title='bbox 771 2929 881 3002; x_wconf 73' lang='grc' dir='ltr'><strong><em>αὐτῶν</em></strong></span> <span class='ocrx_word' id='word_1_194' title='bbox 903 2932 1006 3014; x_wconf 77' lang='grc' dir='ltr'><strong><em>ὄντες.</em></strong></span> <span class='ocrx_word' id='word_1_195' title='bbox 1024 2929 1065 2984; x_wconf 64' lang='lat' dir='ltr'>-ss</span> <span class='ocrx_word' id='word_1_196' title='bbox 1081 2941 1112 3005; x_wconf 88' lang='lat' dir='ltr'>ll</span> <span class='ocrx_word' id='word_1_197' title='bbox 1128 2945 1184 3004; x_wconf 82' lang='lat'>51:</span> <span class='ocrx_word' id='word_1_198' title='bbox 1207 2945 1263 3005; x_wconf 79' lang='grc' dir='ltr'>καί</span> <span class='ocrx_word' id='word_1_199' title='bbox 1286 2963 1391 3026; x_wconf 87' lang='grc' dir='ltr'><strong><em>φασιν</em></strong></span> 
     </span>
     <span class='ocr_line' id='line_1_27' title="bbox 232 3037 1390 3125; baseline 0.002 -19"><span class='ocrx_word' id='word_1_200' title='bbox 232 3039 340 3122; x_wconf 80' lang='grc' dir='ltr'><strong><em>οἱμὲν</em></strong></span> <span class='ocrx_word' id='word_1_201' title='bbox 365 3037 420 3104; x_wconf 79' lang='grc' dir='ltr'>διὰ</span> <span class='ocrx_word' id='word_1_202' title='bbox 438 3041 504 3103; x_wconf 89' lang='grc' dir='ltr'><strong><em>τῶν</em></strong></span> <span class='ocrx_word' id='word_1_203' title='bbox 521 3037 693 3121; x_wconf 75' lang='grc' dir='ltr'><strong><em>ἐριστικῶν</em></strong></span> <span class='ocrx_word' id='word_1_204' title='bbox 717 3038 833 3125; x_wconf 86' lang='grc' dir='ltr'><strong><em>λόγιον,</em></strong></span> <span class='ocrx_word' id='word_1_205' title='bbox 858 3040 890 3105; x_wconf 77' lang='grc' dir='ltr'>οἱ</span> <span class='ocrx_word' id='word_1_206' title='bbox 914 3040 949 3105; x_wconf 78' lang='grc' dir='ltr'>δὲ</span> <span class='ocrx_word' id='word_1_207' title='bbox 973 3038 1029 3105; x_wconf 80' lang='grc' dir='ltr'>διὰ</span> <span class='ocrx_word' id='word_1_208' title='bbox 1052 3043 1118 3105; x_wconf 89' lang='grc' dir='ltr'><strong><em>τῶν</em></strong></span> <span class='ocrx_word' id='word_1_209' title='bbox 1141 3043 1390 3122; x_wconf 88' lang='grc' dir='ltr'><strong><em>πολιτικῶν,</em></strong></span> 
     </span>
     <span class='ocr_line' id='line_1_28' title="bbox 232 3135 1391 3228; baseline 0.002 -20"><span class='ocrx_word' id='word_1_210' title='bbox 232 3143 265 3208; x_wconf 82' lang='grc' dir='ltr'>οἱ</span> <span class='ocrx_word' id='word_1_211' title='bbox 296 3142 331 3206; x_wconf 76' lang='grc' dir='ltr'>δὲ</span> <span class='ocrx_word' id='word_1_212' title='bbox 355 3135 401 3206; x_wconf 73' lang='grc' dir='ltr'>δι’</span> <span class='ocrx_word' id='word_1_213' title='bbox 430 3135 539 3206; x_wconf 68' lang='grc' dir='ltr'><strong><em>ἄλλων</em></strong></span> <span class='ocrx_word' id='word_1_214' title='bbox 568 3148 667 3207; x_wconf 85' lang='grc' dir='ltr'><strong><em>τινῶν</em></strong></span> <span class='ocrx_word' id='word_1_215' title='bbox 698 3147 968 3228; x_wconf 80' lang='grc' dir='ltr'><strong><em>φρονιμωτέρους</em></strong></span> <span class='ocrx_word' id='word_1_216' title='bbox 999 3142 1140 3209; x_wconf 71' lang='grc' dir='ltr'><strong><em>’ἔσεσθαι</em></strong></span> <span class='ocrx_word' id='word_1_217' title='bbox 1171 3143 1249 3221; x_wconf 67' lang='grc' dir='ltr'><strong><em>τοὺς</em></strong></span> <span class='ocrx_word' id='word_1_218' title='bbox 1279 3140 1391 3222; x_wconf 78' lang='grc' dir='ltr'><strong><em>αὑτοῖς</em></strong></span> 
     </span>
     <span class='ocr_line' id='line_1_29' title="bbox 232 3238 1391 3333; baseline 0.002 -23"><span class='ocrx_word' id='word_1_219' title='bbox 232 3243 489 3333; x_wconf 80' lang='grc' dir='ltr'><strong><em>πλησιάζοντας.</em></strong></span> <span class='ocrx_word' id='word_1_220' title='bbox 533 3245 570 3309; x_wconf 89' lang='lat' dir='ltr'>In</span> <span class='ocrx_word' id='word_1_221' title='bbox 601 3266 646 3312; x_wconf 82' lang='lat' dir='ltr'>or.</span> <span class='ocrx_word' id='word_1_222' title='bbox 670 3246 750 3310; x_wconf 87' lang='lat' dir='ltr'>Xlll</span> <span class='ocrx_word' id='word_1_223' title='bbox 767 3250 802 3310; x_wconf 81' lang='lat'>21</span> <span class='ocrx_word' id='word_1_224' title='bbox 830 3267 901 3314; x_wconf 83' lang='lat' dir='ltr'>cum</span> <span class='ocrx_word' id='word_1_225' title='bbox 925 3247 1019 3313; x_wconf 82' lang='lat' dir='ltr'>dicit:</span> <span class='ocrx_word' id='word_1_226' title='bbox 1050 3238 1087 3310; x_wconf 78' lang='grc' dir='ltr'>οὗ</span> <span class='ocrx_word' id='word_1_227' title='bbox 1110 3244 1175 3333; x_wconf 80' lang='grc' dir='ltr'>μὴν</span> <span class='ocrx_word' id='word_1_228' title='bbox 1199 3239 1284 3310; x_wconf 74' lang='grc' dir='ltr'><strong><em>ἀλλὰ</em></strong></span> <span class='ocrx_word' id='word_1_229' title='bbox 1309 3269 1391 3331; x_wconf 86' lang='grc' dir='ltr'><strong><em>συμ-</em></strong></span> 
     </span>
     <span class='ocr_line' id='line_1_30' title="bbox 232 3336 1480 3436; baseline 0.002 -24"><span class='ocrx_word' id='word_1_230' title='bbox 232 3344 558 3432; x_wconf 78' lang='grc' dir='ltr'><strong><em>παρακελεύσασθαί</em></strong></span> <span class='ocrx_word' id='word_1_231' title='bbox 572 3370 609 3430; x_wconf 85' lang='grc' dir='ltr'>γε</span> <span class='ocrx_word' id='word_1_232' title='bbox 624 3347 679 3411; x_wconf 83' lang='grc' dir='ltr'>καὶ</span> <span class='ocrx_word' id='word_1_233' title='bbox 697 3349 902 3430; x_wconf 81' lang='grc' dir='ltr'><strong><em>συνασκῆσαι</em></strong></span> <span class='ocrx_word' id='word_1_234' title='bbox 917 3339 1046 3429; x_wconf 71' lang='grc' dir='ltr'><strong><em>μάλιστ’</em></strong></span> <span class='ocrx_word' id='word_1_235' title='bbox 1067 3336 1107 3413; x_wconf 79' lang='grc' dir='ltr'>ῶν</span> <span class='ocrx_word' id='word_1_236' title='bbox 1124 3343 1220 3430; x_wconf 81' lang='grc' dir='ltr'><strong><em>οἶμαι</em></strong></span> <span class='ocrx_word' id='word_1_237' title='bbox 1242 3346 1302 3436; x_wconf 83' lang='grc' dir='ltr'><strong><em>τὴν</em></strong></span> <span class='ocrx_word' id='word_1_238' title='bbox 1325 3352 1392 3414; x_wconf 90' lang='grc' dir='ltr'><strong><em>τῶν</em></strong></span> <span class='ocrx_word' id='word_1_239' title='bbox 1479 3419 1480 3424; x_wconf 28' lang='grc'><strong><em>,</em></strong></span> 
     </span>
     <span class='ocr_line' id='line_1_31' title="bbox 233 3447 1392 3536; baseline 0.003 -20"><span class='ocrx_word' id='word_1_240' title='bbox 233 3450 340 3536; x_wconf 88' lang='grc' dir='ltr'><strong><em>λόγων</em></strong></span> <span class='ocrx_word' id='word_1_241' title='bbox 372 3450 439 3514; x_wconf 86' lang='grc' dir='ltr'><strong><em>τῶν</em></strong></span> <span class='ocrx_word' id='word_1_242' title='bbox 474 3448 709 3514; x_wconf 87' lang='grc' dir='ltr'><strong><em>πολιτικῶν</em></strong></span> <span class='ocrx_word' id='word_1_243' title='bbox 744 3447 958 3532; x_wconf 77' lang='grc' dir='ltr'><strong><em>ἐπιμέλειαν,</em></strong></span> <span class='ocrx_word' id='word_1_244' title='bbox 989 3471 1063 3517; x_wconf 85' lang='lat' dir='ltr'>suas</span> <span class='ocrx_word' id='word_1_245' title='bbox 1097 3452 1198 3535; x_wconf 87' lang='lat' dir='ltr'>ipsius</span> <span class='ocrx_word' id='word_1_246' title='bbox 1233 3455 1392 3520; x_wconf 80' lang='lat' dir='ltr'>orationes</span> 
     </span>
     <span class='ocr_line' id='line_1_32' title="bbox 232 3548 1479 3639; baseline -0.001 -18"><span class='ocrx_word' id='word_1_247' title='bbox 232 3559 326 3621; x_wconf 88' lang='lat' dir='ltr'>notat</span> <span class='ocrx_word' id='word_1_248' title='bbox 342 3553 385 3619; x_wconf 86' lang='lat' dir='ltr'>ad</span> <span class='ocrx_word' id='word_1_249' title='bbox 402 3548 585 3616; x_wconf 79' lang='grc' dir='ltr'><strong><em>ἐπιείκειαν</em></strong></span> <span class='ocrx_word' id='word_1_250' title='bbox 608 3553 715 3634; x_wconf 84' lang='lat' dir='ltr'>potius</span> <span class='ocrx_word' id='word_1_251' title='bbox 738 3573 833 3636; x_wconf 89' lang='lat' dir='ltr'>quam</span> <span class='ocrx_word' id='word_1_252' title='bbox 858 3549 1032 3639; x_wconf 85' lang='grc' dir='ltr'><strong><em>ῥητορικὴν</em></strong></span> <span class='ocrx_word' id='word_1_253' title='bbox 1055 3554 1149 3619; x_wconf 83' lang='lat' dir='ltr'>utiles</span> <span class='ocrx_word' id='word_1_254' title='bbox 1173 3573 1308 3637; x_wconf 85' lang='lat' dir='ltr'>eumque</span> <span class='ocrx_word' id='word_1_255' title='bbox 1331 3557 1392 3622; x_wconf 88' lang='lat' dir='ltr'>rei·</span> <span class='ocrx_word' id='word_1_256' title='bbox 1478 3607 1479 3612; x_wconf 29' lang='lat'>1</span> 
     </span>
     <span class='ocr_line' id='line_1_33' title="bbox 233 3655 1391 3742; baseline 0.001 -19"><span class='ocrx_word' id='word_1_257' title='bbox 233 3657 386 3742; x_wconf 80' lang='lat' dir='ltr'>publicae</span> <span class='ocrx_word' id='word_1_258' title='bbox 417 3661 486 3721; x_wconf 89' lang='lat' dir='ltr'>arte</span> <span class='ocrx_word' id='word_1_259' title='bbox 517 3655 717 3738; x_wconf 60' lang='lat' dir='ltr'>coniunctam</span> <span class='ocrx_word' id='word_1_260' title='bbox 748 3657 863 3738; x_wconf 90' lang='lat' dir='ltr'>quibus</span> <span class='ocrx_word' id='word_1_261' title='bbox 884 3691 926 3703; x_wconf 91' lang='lat'>—</span> <span class='ocrx_word' id='word_1_262' title='bbox 949 3662 1048 3721; x_wconf 90' lang='lat' dir='ltr'>totum</span> <span class='ocrx_word' id='word_1_263' title='bbox 1079 3675 1180 3738; x_wconf 84' lang='lat' dir='ltr'>genus</span> <span class='ocrx_word' id='word_1_264' title='bbox 1203 3658 1230 3722; x_wconf 91' lang='lat' dir='ltr'>si</span> <span class='ocrx_word' id='word_1_265' title='bbox 1254 3664 1391 3741; x_wconf 84' lang='lat' dir='ltr'>spectus,</span> 
     </span>
     <span class='ocr_line' id='line_1_34' title="bbox 234 3756 1478 3841; baseline 0 -17"><span class='ocrx_word' id='word_1_266' title='bbox 234 3779 297 3825; x_wconf 93' lang='lat' dir='ltr'>non</span> <span class='ocrx_word' id='word_1_267' title='bbox 321 3757 552 3841; x_wconf 87' lang='lat' dir='ltr'>praestantiam</span> <span class='ocrx_word' id='word_1_268' title='bbox 577 3793 617 3802; x_wconf 96' lang='lat'><em>-</em></span> <span class='ocrx_word' id='word_1_269' title='bbox 639 3775 735 3839; x_wconf 86' lang='lat' dir='ltr'>pares</span> <span class='ocrx_word' id='word_1_270' title='bbox 751 3763 833 3840; x_wconf 89' lang='lat' dir='ltr'>sunt,</span> <span class='ocrx_word' id='word_1_271' title='bbox 857 3777 936 3840; x_wconf 89' lang='lat' dir='ltr'>quas</span> <span class='ocrx_word' id='word_1_272' title='bbox 960 3756 1048 3823; x_wconf 87' lang='lat' dir='ltr'>hisee</span> <span class='ocrx_word' id='word_1_273' title='bbox 1071 3757 1178 3823; x_wconf 89' lang='lat' dir='ltr'>verbis</span> <span class='ocrx_word' id='word_1_274' title='bbox 1201 3765 1291 3824; x_wconf 89' lang='lat' dir='ltr'>notat</span> <span class='ocrx_word' id='word_1_275' title='bbox 1313 3758 1390 3824; x_wconf 92' lang='lat' dir='ltr'>ibid.</span> <span class='ocrx_word' id='word_1_276' title='bbox 1477 3827 1478 3836; x_wconf 56' lang='grc'><strong><em>,</em></strong></span> 
     </span>
    </p>
   </div>
   <div class='ocr_carea' id='block_1_7' title="bbox 236 3911 440 3923">
    <p class='ocr_par' dir='ltr' id='par_1_9' title="bbox 236 3911 440 3923">
     <span class='ocr_line' id='line_1_35' title="bbox 236 3911 440 3923; baseline -0.01 0"><span class='ocrx_word' id='word_1_277' title='bbox 236 3911 440 3923; x_wconf 77' lang='lat'>—————-—=</span> 
     </span>
    </p>
   </div>
   <div class='ocr_carea' id='block_1_8' title="bbox 236 3989 1391 4146">
    <p class='ocr_par' dir='ltr' id='par_1_10' title="bbox 236 3989 1391 4146">
     <span class='ocr_line' id='line_1_36' title="bbox 325 3989 1391 4061; baseline -0.002 -14"><span class='ocrx_word' id='word_1_278' title='bbox 325 3995 347 4058; x_wconf 88' lang='lat' dir='ltr'>l)</span> <span class='ocrx_word' id='word_1_279' title='bbox 365 3991 418 4047; x_wconf 91' lang='lat' dir='ltr'>Ubi</span> <span class='ocrx_word' id='word_1_280' title='bbox 436 3990 510 4045; x_wconf 88' lang='lat' dir='ltr'>hunc</span> <span class='ocrx_word' id='word_1_281' title='bbox 529 3989 627 4046; x_wconf 86' lang='lat' dir='ltr'>librum</span> <span class='ocrx_word' id='word_1_282' title='bbox 652 3991 746 4056; x_wconf 88' lang='lat' dir='ltr'>laudo,</span> <span class='ocrx_word' id='word_1_283' title='bbox 770 3991 882 4060; x_wconf 84' lang='lat' dir='ltr'>paginas</span> <span class='ocrx_word' id='word_1_284' title='bbox 907 3991 1005 4060; x_wconf 90' lang='lat' dir='ltr'>prioris</span> <span class='ocrx_word' id='word_1_285' title='bbox 1028 3991 1152 4046; x_wconf 82' lang='lat' dir='ltr'>editionis</span> <span class='ocrx_word' id='word_1_286' title='bbox 1177 3993 1282 4061; x_wconf 85' lang='lat' dir='ltr'>notavi;</span> <span class='ocrx_word' id='word_1_287' title='bbox 1306 3994 1391 4048; x_wconf 86' lang='lat' dir='ltr'>altera</span> 
     </span>
     <span class='ocr_line' id='line_1_37' title="bbox 236 4076 714 4146; baseline -0.004 -13"><span class='ocrx_word' id='word_1_288' title='bbox 236 4078 318 4134; x_wconf 90' lang='lat' dir='ltr'>editio</span> <span class='ocrx_word' id='word_1_289' title='bbox 337 4079 463 4144; x_wconf 81' lang='lat' dir='ltr'>(a.1890)</span> <span class='ocrx_word' id='word_1_290' title='bbox 482 4076 575 4131; x_wconf 86' lang='lat' dir='ltr'>eadem</span> <span class='ocrx_word' id='word_1_291' title='bbox 593 4076 714 4146; x_wconf 82' lang='lat' dir='ltr'>praebet.</span> 
     </span>
    </p>
   </div>
   <div class='ocr_carea' id='block_1_9' title="bbox 0 0 1515 4886">
    <p class='ocr_par' dir='ltr' id='par_1_11' title="bbox 0 0 1515 4886">
     <span class='ocr_line' id='line_1_38' title="bbox 0 0 1515 4886; baseline 0 0"><span class='ocrx_word' id='word_1_292' title='bbox 0 0 1515 4886; x_wconf 95' lang='lat' dir='ltr'> </span> 
     </span>
    </p>
   </div>
  </div>
 </body>
</html>
