2990 4886
248 318 309 376 168
657 317 771 373 Carolus
789 316 994 372 Brandstaettar

246 491 342 557 ficare
357 489 402 572 id,
421 489 624 574 quodtale
641 497 716 572 est,
740 491 860 573 quale
882 491 1411 574 inorationeoivilisupra
1483 527 1484 530 =

247 592 426 659 definita
452 612 543 660 esse
567 593 687 659 solet.
732 592 911 676 Praecipue
934 612 1034 676 genus
1058 592 1187 658 dicendi
1218 591 1311 658 huius
1337 613 1409 658 ora-

247 696 344 761 tionis
366 696 532 778 proprium
547 695 706 779 Dionysio
721 695 897 760 secernitur
911 694 952 760 ab
976 695 1049 760 aliis
1072 694 1202 760 dicendi
1224 695 1409 778 generibus,

248 797 337 862 velut
366 795 407 862 de
438 816 541 880 comp.
570 817 601 862 v.
617 816 649 879 p.
666 798 727 860 420
752 803 831 862 extr.
855 795 930 863 Soh.
960 795 1042 862 haec
1071 802 1213 862 exstant:
1240 786 1318 879 Ἐγώ
1347 801 1409 859 τοῦ

250 895 346 981 λόγου
360 896 383 981 ¹)
411 895 471 962 τόν
500 897 560 980 μὲν
595 895 731 984 ἰδιώτην
761 895 984 980 ἐπιστάμενος
1010 892 1091 962 όντα
1125 895 1195 974 (τόν
1224 888 1409 983 ἀδολέσχην

248 1001 366 1065 τοῦτον
396 999 557 1084 λέγωκαὶ
581 997 758 1085 φλύαρον),
789 997 847 1064 τὸν
871 997 906 1063 δὲ
930 997 1120 1078 πολιτικόν,
1149 996 1183 1064 ἐν
1205 991 1233 1083 ᾦ
1256 998 1343 1064 πολὺ
1366 998 1407 1066 τὸ

248 1103 549 1184 κατεσκευασμένον
579 1098 650 1166 ἐστὶ
680 1102 734 1166 καὶ
759 1098 907 1182 ἔντεχνον
930 1123 958 1169 e.
974 1123 1004 1186 q.
1022 1123 1046 1169 s.
1069 1103 1296 1170 Reminisoeris
1319 1103 1409 1169 haud
1483 1145 1484 1152 ν

249 1204 348 1270 dubie
370 1205 434 1271 loci
457 1205 544 1272 illius
568 1209 610 1284 (v.
631 1225 662 1288 p.
682 1205 763 1288 166),
788 1225 850 1288 quo
874 1205 1050 1288 Dionysius
1072 1205 1184 1270 civiles
1208 1211 1240 1270 et
1261 1205 1409 1288 privatas

249 1307 409 1374 orationes
432 1307 520 1392 ipsas
543 1307 626 1373 inter
642 1327 676 1374 se
700 1307 850 1390 opponit;
873 1307 1021 1374 similitor
1043 1307 1140 1390 igitur
1163 1305 1243 1372 haec
1265 1308 1349 1372 inter
1371 1328 1408 1374 se

249 1408 370 1475 distant
399 1407 529 1476 dicendi
562 1428 697 1492 genera;
727 1419 787 1474 nec'
816 1411 921 1475 minus
949 1408 1031 1476 haec
1060 1409 1160 1474 verba
1187 1409 1409 1475 illuminantur

249 1512 321 1578 loco
337 1531 368 1594 p.
388 1513 480 1593 1125,
499 1515 548 1593 11,
573 1531 667 1594 quern
691 1531 748 1576 nos
772 1511 919 1578 dedimus
943 1531 1040 1595 supra
1057 1531 1089 1594 p.
1108 1513 1178 1594 166,
1202 1517 1234 1576 et
1257 1511 1409 1596 Dionysii

250 1612 360 1678 verbis
384 1633 416 1696 p.
434 1614 506 1695 468,
530 1617 585 1676 11:
620 1609 692 1676 ἔστι
721 1609 757 1675 δὲ
787 1609 914 1688 παντὸς
940 1611 1066 1694 μᾶλλον
1096 1610 1191 1696 ἔργον
1220 1614 1373 1693 τεχνικῶς
1385 1616 1407 1690 ’3)

249 1716 551 1796 κατεσκευασμένος
580 1716 739 1792 (Λυσίας)
767 1713 835 1778 κτλ.
879 1715 915 1779 In
945 1716 1128 1781 universum
1157 1714 1338 1780 addiderim
1366 1735 1408 1781 ex

248 1817 496 1900 uniuscuiusque
530 1817 593 1882 loci
626 1823 740 1882 natura
773 1816 915 1900 pendere
950 1836 1033 1899 quae
1068 1817 1269 1900 potissimum
1308 1816 1408 1880 πολι-

248 1918 341 1982 τικοῦ
364 1915 461 2002 λόγου
487 1919 675 2002 praevaleat
698 1915 790 1998 ἷδέα,·
811 1925 918 2002 potest
940 1919 1024 1984 enim
1048 1915 1144 2000 λόγος
1167 1919 1213 1983 ita
1234 1919 1407 2003 appellari,
1483 1931 1484 1934 ’

250 2021 327 2103 quia
357 2027 406 2087 est
433 2020 654 2102 artificiosior,
684 2021 760 2104 quia
789 2022 948 2087 astrictior
976 2041 1121 2086 sermone
1145 2020 1322 2103 cotidiano,
1353 2023 1408 2086 vel

251 2123 328 2206 quia
344 2123 523 2206 simplicior
537 2124 666 2206 poetica
681 2123 830 2205 dialecto,
851 2123 904 2188 vel
919 2123 995 2206 quia
1009 2123 1231 2206 perspicuitati
1247 2123 1408 2206 imprimis

248 2224 370 2307 studet,
386 2244 498 2307 ·quam
525 2226 688 2290 notionem
717 2231 845 2308 praeter
873 2225 1028 2290 rationem
1058 2225 1159 2290 solam
1185 2225 1215 2289 ei
1238 2224 1406 2292 vindicare
1483 2273 1484 2276 ,

249 2325 379 2392 videtur
395 2327 538 2392 Blassius
556 2326 631 2399 (Att.
650 2325 818 2392 Beredslrt.
836 2327 879 2390 11²
896 2328 978 2409 107),
1002 2327 1029 2392 si
1045 2332 1132 2392 recta
1155 2346 1227 2392 aum
1251 2327 1406 2411 intellego

248 2429 300 2504 (ci.
324 2447 422 2510 supra
444 2448 475 2510 p.
495 2428 579 2504 138).
624 2428 737 2510 Itaque
763 2427 959 2494 adiectivum
982 2425 1166 2511 πολιτικός,
1191 2434 1226 2493 ut
1247 2449 1407 2512 gramma-

248 2531 329 2595 ticos
352 2547 484 2611 sequar,
516 2535 564 2595 est
585 2530 674 2594 notio
697 2530 849 2612 relativa,
880 2531 969 2596 cuius
991 2531 1039 2596 rai
1062 2531 1213 2614 exempla
1236 2550 1291 2613 ea,
1323 2551 1407 2615 quae

249 2630 344 2697 modo
368 2637 552 2713 sequuntur,
574 2632 784 2714 praebebunt.
1483 2705 1484 2722 3

334 2733 416 2798 Nam
446 2732 561 2799 eodem
590 2751 702 2816 sensu,
737 2754 800 2816 quo
829 2734 948 2800 locutio
978 2725 1074 2816 λόγος
1103 2731 1278 2809 πολιτικὸς
1307 2736 1407 2802 modo
1483 2723 1484 2782 3

248 2843 393 2920 tractata,
418 2840 524 2901 exstat
539 2834 627 2918 apud
644 2835 836 2918 Dionysium
861 2836 956 2900 etiam
980 2836 1068 2900 notio
1085 2832 1408 2920 τιολιτικόγδιό-
1483 2887 1484 2924 ,

130 2970 180 3035 ,ξ
248 2940 391 3013 λεκτος
414 2960 445 3023 p.
469 2940 546 3020 558,
573 2941 611 3001 13
635 2938 686 3012 (of.
711 2957 807 3021 supra
836 2957 866 3020 p.
894 2939 952 3002 158
969 2941 1044 3021 sq.):
1072 2933 1250 3022 κράτιστον
1274 2929 1304 3000 δ’
1333 2935 1406 3003 ἐντι-
1483 2935 1484 2940 ’

174 3114 177 3123 ,
248 3033 395 3126 τήδεομα
425 3035 458 3102 ἐν
489 3037 650 3123 διαλέκτῳ
674 3038 830 3124 πολιτικῇ
853 3040 908 3103 καὶ
939 3035 1106 3124 ἐναγωνίῳ
1135 3035 1172 3103 τὸ
1204 3033 1408 3121 ὁμοιότατον

174 3136 177 3169 ²
248 3145 297 3227 τῷ
325 3137 409 3206 κατόν
438 3139 556 3226 φύσιν,
587 3142 642 3207 ubi
672 3143 821 3228 oppos-iia
850 3141 1022 3224 cogitanda
1045 3148 1093 3208 est
1121 3142 1179 3207 ilia
1201 3143 1407 3230 πανηγυρικὴ
1483 3133 1484 3138 ¹

248 3247 318 3312 sive
348 3239 552 3330 ἐπιδεικτικὴ
579 3245 685 3328 potius
709 3244 859 3310 Isocratis
883 3244 1020 3310 elocutio
1044 3245 1095 3321 (cf.
1118 3265 1149 3327 p.
1168 3248 1228 3310 539
1242 3239 1297 3328 R),
1325 3231 1408 3312 item

247 3334 367 3413 locutio
391 3368 428 3409 τι.
454 3342 624 3420 διάλεκτος
647 3347 783 3411 occurrit
805 3366 836 3429 p.
862 3347 933 3430 957,
959 3350 987 3430 7,
1011 3346 1081 3428 ubi,
1109 3351 1144 3412 ut
1166 3347 1294 3430 saepius
1317 3348 1407 3432 apud

248 3449 615 3532 Halicarnassensem³),
639 3448 766 3513 silentio
782 3448 918 3514 sumitur
932 3467 1037 3513 rerum
1059 3449 1247 3532 scriptorum
1273 3455 1305 3514 et
1328 3450 1407 3516 civi-

337 3655 360 3716 1)
378 3647 481 3704 Iniuria
504 3647 632 3702 Sohaeler
650 3647 730 3702 scribi
749 3643 1025 3720 να11τοόςλόγονςς
1051 3648 1085 3703 ol.
1103 3648 1195 3704 Laert.
1215 3647 1294 3716 Diog.
1313 3648 1355 3702 ΙΙΙ
1375 3654 1406 3704 87

248 3740 275 3788 et
294 3734 419 3802 Hermog.
439 3734 486 3802 Sp.
499 3733 526 3786 ll
540 3737 598 3798 401,
614 3737 644 3788 13
663 3733 717 3797 (W.
730 3733 770 3786 Ill
783 3735 841 3799 370,
857 3737 889 3797 1).

334 3822 359 3883 ll
378 3819 422 3872 Ad
444 3819 516 3872 hane
534 3817 629 3872 Sadeei
646 3817 830 3872 coniecturam
848 3817 913 3870 milri
934 3818 1077 3886 probatam
1101 3819 1169 3884 (soil.
1188 3833 1238 3886 pro
1256 3823 1407 3888 τεχνικοῦ),

249 3905 378 3968 Usenero,
397 3910 428 3958 ut
447 3903 561 3968 videtur,
579 3903 759 3973 improbatam
771 3907 805 3969 (u.
819 3903 852 3958 l'r.
866 3904 883 3957 l.
898 3922 927 3959 n.
940 3923 1000 3972 μιμ.
1015 3920 1041 3972 p.
1056 3906 1096 3969 33,
1112 3907 1135 3969 1)
1148 3902 1406 3959 iniciendamafforo

249 3991 282 4046 de
301 4005 388 4057 comp.
401 4007 425 4045 v.
439 4007 465 4059 p.
480 3993 536 4054 180,
552 3993 562 4041 1
584 3989 645 4043 Sch.

335 4078 360 4142 3)
379 4075 466 4144 Digna
483 4089 535 4141 res,
553 4087 623 4142 quae
641 4073 812 4143 observetnr3
831 4090 854 4130 v.
869 4073 948 4130 Dion.
962 4072 1024 4128 Hal.
1038 4089 1064 4142 p.
1079 4077 1137 4140 911,
1153 4077 1184 4129 14
1196 4073 1268 4139 (coll.
1281 4073 1406 4130 Lucieno
