2990 4886
300 335 343 390 De
359 336 499 392 notionum
516 329 665 402 πολιτικὸς
682 339 710 390 et
727 334 866 408 σοφιστὴς
884 351 935 390 usu
953 336 1107 391 rhetoricos
1214 335 1273 394 137

120 510 206 577 dicta
237 529 308 576 esse
337 507 418 574 milri
440 508 599 576 videntur.
645 509 789 576 Acumen
813 508 898 575 enim
920 509 1098 576 sententiae
1121 511 1151 586 (δ
1167 511 1220 586 20)
1243 511 1276 574 in

123 633 160 680 eo
176 618 333 695 versatur,
356 617 392 678 ut
406 617 607 696 opponantur
629 609 663 676 hi
678 611 795 676 artium
811 611 981 694 scriptores
996 622 1068 688 τοῖς
1083 607 1277 693 ἐριστικοῖς,·

122 714 261 781 similem
276 719 384 779 autem
400 713 646 779 disiunctionem
669 714 747 796 quia
768 713 832 778 iam
847 719 943 779 antea
958 714 1004 778 ita
1017 713 1095 780 fecit
1109 713 1276 796 Isocrates,

120 823 156 882 ut
187 817 260 883 illos
289 811 490 898 ἐριστικοὺς,
528 815 587 882 hos
614 811 693 889 τοὺς
722 815 802 896 περὶ
832 811 910 890 νοός
940 811 1134 891 πολιτικοὺς
1161 812 1277 898 λόγους

122 923 336 1001 nuncuparet,
368 935 408 982 ne
439 915 501 982 lroc
528 916 657 999 quidem
687 917 774 1000 loco,
805 936 998 999 quamquam
1026 917 1124 999 paulo
1157 916 1277 982 diversi

122 1019 254 1086 notandi
271 1025 372 1095 erant,
396 1019 437 1084 ab
456 1017 517 1085 hac
532 1018 662 1085 dicendi
684 1019 807 1084 ratione
830 1017 996 1084 discedere
1018 1018 1152 1085 Isocrati
1174 1018 1277 1100 libuit,

121 1121 313 1204 praesertim
329 1139 401 1186 cum
419 1120 515 1186 etiam
532 1118 644 1185 horum
660 1118 824 1185 hominum
841 1118 1013 1204 disciplina
1028 1119 1071 1185 ad
1092 1119 1277 1186 facultatem

124 1242 244 1304 earum,
272 1241 351 1305 quas
371 1215 579 1297 ‘notaacnota
603 1211 726 1305 λόγους
752 1222 882 1304 proprie
904 1222 1071 1306 appellare
1094 1222 1185 1302 solet,
1208 1240 1277 1286 ora·

122 1326 246 1390 tionum
276 1324 569 1408 componendarum
592 1325 703 1390 valere
730 1324 849 1390 diserte
872 1323 1066 1408 profiteatur.
1112 1322 1178 1388 Sed
1200 1342 1276 1405 quo·

124 1427 285 1510 quomodo
314 1425 395 1492 haec
424 1445 459 1492 se
488 1426 623 1503 babent,
657 1425 691 1491 id
720 1432 806 1492 certe
835 1432 1028 1492 constetne
1061 1425 1115 1492 hio
1147 1423 1278 1508 quidem

125 1529 299 1595 Isocratem
327 1529 458 1595 notione
489 1529 665 1593 πολιτικοῦ
694 1524 793 1611 λόγου
822 1529 1021 1595 contionales
1049 1535 1081 1595 et
1109 1527 1278 1594 iudiciales

125 1632 286 1696 orationes
306 1622 528 1698 ‘technice’
556 1629 840 1714 comprehendere.

209 1732 357 1800 Notionis
373 1733 549 1798 πολιτικοῦ
566 1731 665 1816 λόγου
681 1751 720 1798 ea
741 1752 805 1815 qua
820 1752 917 1817 supra
939 1731 1167 1816 descripsimus
1189 1739 1277 1814 pote·

124 1841 207 1901 state
236 1833 402 1901 adhibitae
431 1837 584 1918 exempla
611 1854 741 1919 prorsus
771 1834 999 1918 respondentia
1027 1854 1090 1899 non
1118 1833 1213 1899 facile
1237 1853 1278 1898 ex

124 1936 197 2000 aliis
221 1937 429 2020 scriptoribus
452 1938 645 2020 colliguntur
667 1942 874 2018 praeterens,
898 1937 954 2018 qui
977 1935 1018 2002 de
1034 1937 1135 2021 ipsius
1156 1936 1278 2001 Isocra·

124 2039 165 2104 tis
185 2037 382 2104 orationibus
405 2039 587 2121 loquuntur,
611 2038 700 2104 velut
722 2037 897 2120 Dionysius
920 2037 1212 2104 Halicarnasseusis
1236 2039 1277 2114 (v.

124 2161 156 2224 p.
175 2145 247 2213 171)
278 2145 310 2205 et
338 2139 427 2204 Suid.
451 2159 475 2206 s.
490 2161 520 2205 v.
544 2136 756 2224 Σεβηριανός.
800 2138 949 2205 Fortasse
979 2140 1092 2223 verba,
1122 2158 1205 2221 quae
1233 2139 1278 2204 le-

125 2248 242 2324 guntur
258 2242 310 2307 Ps.
323 2242 414 2306 Dem.
432 2261 476 2307 or.
492 2241 567 2306 LXI
582 2246 633 2325 44,
649 2260 691 2307 ex
705 2241 856 2307 Isocratis
873 2240 1002 2307 dicendi
1017 2261 1076 2308 usu
1092 2250 1167 2324 apte
1183 2241 1277 2306 inter·

125 2343 286 2427 pretanda
314 2349 395 2408 sunt.
440 2342 543 2409 Nobis
571 2363 647 2410 vero
677 2349 841 2426 tamqnam
870 2343 1094 2424 gravissimum
1125 2342 1186 2409 hoc
1215 2350 1278 2409 sta·

127 2444 281 2510 tuendum
304 2443 446 2509 videtur:
491 2442 554 2522 Qui
582 2445 745 2529 putaverit
767 2463 839 2510 cum
861 2443 1008 2511 technica
1030 2463 1182 2528 generum
1205 2465 1277 2510 eau-

127 2567 234 2614 sarum
279 2545 503 2612 distributione
540 2546 626 2630 apud
663 2547 836 2614 Isocratem
873 2545 1068 2612 adiectivum
1105 2543 1279 2621 πολιτικὸς

126 2650 267 2732 aliquam
287 2647 408 2713 habere
422 2647 589 2728 rationem,
612 2667 725 2714 avere
740 2649 946 2714 aberraverit.
992 2648 1035 2715 Ut
1051 2649 1135 2714 enim
1150 2653 1278 2715 omnino

125 2756 234 2816 notum
265 2756 314 2816 est
342 2750 429 2816 clare
458 2755 490 2814 et
518 2748 667 2816 distincte
697 2751 791 2815 trium
821 2769 972 2832 generum
1004 2748 1183 2817 rhetoricae
1206 2771 1278 2817 eum

125 2851 490 2917 nondum·meutiouem
518 2850 642 2934 facere,
671 2853 717 2916 ita
745 2871 786 2916 ne
816 2849 877 2918 bac
906 2850 1036 2936 quidem
1066 2871 1162 2934 voce,
1192 2853 1278 2936 quod

126 2952 261 3018 dicimus
282 2943 462 3034 ‘technice',
486 2953 622 3028 utitur.¹)
667 2951 802 3020 Prorsus
816 2953 914 3037 igitur
929 2954 1119 3037 negabimus
1134 2987 1176 3000 —
1192 2955 1279 3038 quod

215 3172 237 3234 1)
256 3167 293 3223 Ut
310 3183 373 3223 vero
398 3183 546 3236 cognoscas
569 3169 711 3238 clarius,
735 3183 815 3239 quam
832 3169 953 3239 plerique
976 3176 1085 3240 putant,
1108 3175 1279 3242 perspexisse

127 3253 274 3308 Isocratem
291 3266 349 3307 esse
361 3269 446 3321 genus
458 3254 611 3308 orationum
629 3255 657 3308 iu
669 3255 850 3310 ostentatione
862 3256 980 3324 positum
993 3260 1020 3310 et
1031 3256 1066 3312 ab
1078 3257 1138 3312 aliis
1151 3260 1279 3314 orationi·

127 3339 178 3393 bus
195 3338 372 3403 disiunctum,
394 3354 428 3393 en
446 3339 530 3393 habes
549 3339 672 3414 exempla
689 3354 822 3406 nusquam
841 3341 954 3396 collecta
971 3357 1066 3397 vocum
1084 3339 1280 3412 ἐπιδεικνύναι,

128 3422 267 3489 ἐπίδειξις,
285 3418 472 3489 ἐπιδεικτικὰς
483 3428 677 3492 usurpatorum
695 3423 730 3477 ab
743 3425 877 3481 leocrates
895 3425 921 3478 X
936 3431 965 3480 15
977 3425 1063 3497 μηδὲν
1080 3423 1280 3496 ἐπιδεικνὺς

127 3513 186 3564 ταῖν
203 3506 329 3577 ἐμαυτοῦ
346 3508 389 3572 (cle
407 3507 525 3562 Helenae
545 3509 724 3576 laudationeJ3
748 3510 819 3564 idem
837 3509 875 3563 Xl
888 3514 915 3573 9,
939 3510 986 3564 ubi
1003 3525 1020 3564 a
1039 3511 1144 3566 Blaesio
1163 3513 1279 3584 deletum

126 3593 165 3646 IV
178 3598 211 3646 44
234 3590 266 3648 ἐν
290 3600 353 3657 ταῖς
376 3588 565 3664 πανηγύρεσιν
586 3591 781 3660 ἐπιδείξασθαι
805 3590 857 3660 τὰς
880 3589 976 3651 αὑτῶν
997 3589 1127 3667 εὐτυχίας
1145 3599 1242 3661 (οί.ΙΧ
1255 3605 1279 3653 4.

127 3677 178 3730 XV
196 3681 264 3744 ³15).
294 3676 369 3731 Vll
396 3671 412 3733 ὃ
438 3682 488 3735 νῦν
511 3676 738 3747 ἐπιδεικνύμενος
761 3676 848 3750 λόγος
870 3680 915 3744 (cl.
934 3680 1023 3747 vib).
1042 3710 1074 3720 -
1092 3681 1172 3738 XVl
1197 3681 1279 3756 λόγοι

126 3757 144 3831 ἢ
161 3757 237 3833 πρὸς
255 3755 371 3833 α’γῶνας
387 3758 405 3832 ἢ
422 3759 497 3836 πρὸς
513 3759 708 3830 ἐπιδείξεις
720 3756 892 3836 γιγνόμενοι.
928 3764 996 3820 Vre
1010 3765 1099 3838 λόγος
1111 3771 1176 3839 περί
1194 3789 1280 3826 σπου-

128 3849 215 3903 δαίων
227 3843 407 3918 πραγμάτων
419 3878 451 3886 -
464 3843 539 3920 πρὸς
550 3846 680 3914 ἐπίδειξιν
691 3849 889 3920 γεγραμμένος
899 3849 943 3914 (cl.
954 3850 1032 3918 epist.
1043 3851 1055 3904 l
1066 3854 1099 3914 2).
1116 3851 1170 3906 XII
1180 3857 1226 3908 271
1239 3871 1279 3924 sq.

128 3926 195 3997 τοὺς
220 3927 436 3997 διδασκαλικοὺς
456 3935 504 3988 καί
527 3928 673 4002 τεχνικοὺς
695 3931 800 4005 λόγους
822 3929 941 3999 -τοὺς
963 3930 1039 4006 πρός
1062 3930 1114 4001 τὰς
1137 3935 1280 4006 ἐπιδείξεις

128 4015 350 4088 γεγραμμένους.
369 4015 393 4070 V
407 4021 437 4070 93
451 4014 522 4073 eald.
535 4015 708 4086 ποιούμενος
719 4047 753 4060 ·-
766 4015 975 4091 συμβουλεύων.
1000 4018 1038 4072 lv
1052 4025 1081 4074 li
1101 4018 1170 4079 ἐπίδ.
1183 4022 1280 4082 ποιοό·

129 4121 258 4170 μενος-
272 4097 487 4174 διαπράξασθαί
500 4123 525 4158 τι
538 4097 725 4172 βουλόμενος.
749 4102 799 4157 XV
813 4108 844 4157 55
857 4102 927 4160 ἐπίδ.
941 4105 1115 4172 ποιούμενος
1132 4137 1166 4147 -
1183 4108 1279 4179 κρινό-
