2990 4886
270 293 312 348 De
329 291 469 347 notionum
487 287 634 360 πολιτικὸς
651 297 679 348 et
697 290 835 366 σοφιστὴς
852 311 904 351 usu
921 295 1066 350 rhetorico.
1181 296 1242 353 167

88 467 171 533 vatis
201 467 493 551 disputationibus).
537 467 651 550 Neque
680 466 845 534 obscurius
874 468 1090 534 testImonium
1119 488 1150 551 p.
1167 471 1240 552 999,

88 571 106 631 2
130 567 163 632 ολ
190 568 357 644 συνιόντες
381 564 510 643 εἰςτὰς
534 565 706 655 ἐκκλησίας
728 569 782 632 καί
806 565 847 632 τά
866 567 1063 655 δικαστήρια
1084 571 1138 634 καί
1162 569 1241 647 νοός

88 663 207 746 άλλσυς
231 667 426 754 συλλόγους,
455 667 540 733 ἔνθα
570 668 621 734 δεῖ
649 669 883 736 πολιτικῶν
913 670 1062 754 λόγων,
1093 673 1146 738 ubi
1170 672 1240 756 h08,

87 793 166 855 quos
190 772 284 855 dicit,
308 765 429 848 ἄλλους
452 768 632 854 συλλόγους
653 791 717 836 non
739 792 811 838 esse
833 774 895 839 nisi
918 775 1064 857 publicos
1087 794 1128 840 ex
1150 774 1241 840 audi·

87 875 209 941 toribus
233 874 403 956 descriptis
420 874 525 940 elucet
540 875 591 950 (cf.
609 893 705 957 supra
721 894 753 957 p.
773 876 853 950 141).
899 875 936 940 In
958 876 1054 942 rebus
1077 877 1163 941 vitae
1186 897 1239 940 ne-

87 976 235 1042 cessariis
258 975 317 1042 hos
340 971 534 1050 πολιτικοὺς
563 971 680 1057 λόγους
702 977 824 1042 versari
845 977 942 1042 facilc
964 977 1121 1043 evincitur
1143 978 1241 1044 etiam

87 1098 126 1142 ex
149 1079 254 1162 primo
277 1078 383 1160 capite
405 1076 480 1143 libri
505 1076 546 1143 dc
569 1096 672 1160 comp.
695 1098 724 1142 v.
748 1078 789 1160 (p.
815 1079 834 1141 6
856 1075 1004 1153 Sabaei).
1049 1079 1122 1145 Non
1144 1079 1243 1163 igitur

86 1183 210 1264 mirum,
234 1180 348 1246 sicum
364 1199 444 1246 voce
460 1175 636 1262 ἐναγώνιος
651 1199 717 1244 vox
739 1174 913 1254 πολιτικός
928 1179 1087 1246 interdum
1111 1182 1240 1247 coniun-

86 1285 170 1366 gitur
198 1283 329 1366 (poss,
348 1283 377 1359 1)
406 1282 459 1346 vel
488 1282 514 1346 si
543 1280 737 1347 adiectivum
773 1277 950 1363 ἐναγώνιος
983 1283 1055 1349 loco
1087 1282 1241 1350 adiectivi

87 1381 262 1458 πολιτικός
291 1403 522 1468 saepenumero
553 1387 673 1465 exstat;
710 1383 749 1448 cI.
769 1402 800 1465 p.
819 1387 911 1464 1117,
929 1387 999 1449 300
1013 1387 1051 1448 13
1065 1404 1102 1444 oc
1116 1387 1187 1460 539,
1204 1389 1238 1468 4,

86 1489 158 1571 629,
176 1489 206 1550 o.
223 1487 295 1568 ουν,
314 1490 363 1549 15.
385 1487 476 1568 1912,
498 1489 544 1548 ιι.
564 1487 655 1568 1095,
672 1485 849 1567 9001094‚
871 1489 919 1549 ιι.
936 1488 1008 1568 994,
1026 1488 1054 1550 9.
1074 1491 1165 1564 1097,
1184 1491 1240 1568 11;

86 1589 126 1654 de
142 1607 248 1671 comp.
264 1607 295 1651 v.
312 1608 339 1654 c.
355 1587 436 1652 XIX
451 1607 483 1670 p.
498 1588 560 1651 268
576 1584 719 1670 Schaes.;
736 1585 830 1651 Dion.
847 1586 920 1652 Hal.
936 1589 1057 1671 antiqu.
1073 1588 1162 1654 Rom.
1179 1588 1195 1653 I
1210 1589 1239 1669 8,

86 1692 139 1756 ubi
155 1691 265 1756 verbis
281 1685 448 1774 σχήματος
465 1684 643 1771 ἐναγωνίου
658 1687 853 1770 respondent
869 1689 969 1754 verba
983 1700 1055 1764 τοῖς
1071 1689 1149 1770 περὶ
1165 1685 1242 1764 τοὺς

86 1791 163 1856 πολ.
180 1790 392 1872 διατρίβουσι
408 1787 534 1874 λόγους,
558 1791 612 1855 nbi
627 1808 797 1874 perperam
821 1791 853 1854 in
870 1789 1065 1856 Roiskianae
1089 1791 1241 1858 editionis

86 1894 295 1960 adnotatione
320 1913 338 1958 c
364 1892 405 1957 de
433 1913 472 1958 eo
499 1911 617 1976 genere
640 1891 794 1957 orationis
824 1911 889 1956 vox
916 1888 1094 1974 ἐναγώνιος
1116 1894 1241 1958 intelle·

86 1998 180 2079 gitur,
204 1995 291 2077 quod
314 1995 356 2060 ad
380 1995 549 2060 indiciules
573 1985 703 2076 ἇγιῦνας
718 2000 767 2059 est
781 1993 1066 2076 accommodatum,
1090 1994 1176 2078 quod
1194 1997 1241 2058 vi-

87 2101 163 2164 tium
176 2117 218 2162 ne
231 2096 423 2182 Spengelius
436 2096 567 2180 quidem
580 2097 667 2162 cavit
678 2097 710 2161 in
723 2115 836 2162 comm.
852 2094 932 2160 rhet.
949 2095 992 2160 ad
1008 2097 1102 2162 Alex.
1118 2116 1149 2179 p.
1163 2098 1241 2179 229,

87 2200 125 2264 cf.
150 2199 237 2265 infra
251 2219 282 2282 p.
301 2203 371 2262 141.
416 2197 486 2275 Quo
509 2197 545 2263 fit
566 2203 601 2263 ut
623 2197 846 2282 disiungantur
867 2217 888 2262 a
910 2197 1067 2280 Dionysio
1092 2196 1241 2279 ἱστορίαι

88 2299 239 2386 σπουδῆς
252 2293 352 2377 άξιαι,
369 2298 539 2363 πολιτικοὶ
554 2295 647 2381 λόγοι
659 2302 837 2379 χαρίεντες,
861 2295 1048 2384 φιλόσοφοι
1071 2295 1242 2375 συντάξεις

87 2424 116 2486 p.
134 2407 209 2486 449,
224 2407 253 2486 4,
270 2408 301 2468 ct
317 2405 464 2488 ποίησις,
485 2399 626 2484 ἱστορία,
644 2400 812 2465 πολιτικοὶ
829 2398 921 2484 λόγοι
938 2421 988 2484 ep.
1005 2401 1047 2466 ad
1063 2401 1174 2484 Pomp.
1191 2402 1205 2465 Ι
1222 2403 1240 2464 8

87 2505 153 2580 tU's.
169 2526 204 2590 p.
222 2509 273 2588 40,
292 2509 330 2569 10
343 2507 426 2588 sqq.)
450 2511 482 2570 et
504 2504 545 2570 de
569 2523 672 2588 comp.
689 2524 719 2568 v.
737 2525 764 2570 e.
779 2504 877 2569 XXII
891 2525 923 2588 p.
941 2506 1002 2570 300
1019 2502 1145 2570 Schacf.
1168 2504 1241 2569 Non

88 2627 167 2691 opus
192 2626 265 2672 esse
287 2613 365 2690 puto
389 2627 498 2672 omnes
521 2606 703 2672 exscribere
725 2607 823 2690 locos,
847 2626 929 2689 quae
952 2626 1077 2672 summa
1099 2614 1172 2672 sunt
1186 2606 1241 2671 ad·

89 2707 214 2774 didisse
230 2715 406 2773 contentus.
444 2707 595 2791 Legimus
611 2708 708 2791 igitur
729 2701 748 2791 ἡ
774 2707 852 2791 περί
874 2704 951 2782 τοὺς
973 2729 1010 2770 π.
1034 2703 1151 2790 λόγους
1166 2703 1242 2770 ἐπι·

52 2801 56 2810 ’
88 2810 206 2890 μέλεια
221 2830 245 2876 s.
263 2805 430 2896 ἐπιστήμη
446 2830 478 2893 p.
495 2814 567 2892 445,
584 2814 603 2872 4
620 2809 703 2888 (coll.
720 2812 797 2893 446,
814 2812 845 2885 6)
862 2809 950 2875 etde
966 2829 1068 2893 comp.
1085 2830 1116 2874 v.
1132 2829 1163 2892 p.
1183 2812 1242 2873 126

88 2909 179 2996 Soh.;
196 2915 245 2994 uqi
261 2907 350 2974 πάνυ
366 2907 483 2994 πόρρω
501 2908 649 2975 δοκοῦντι
666 2911 733 2973 τών
749 2933 786 2974 π.
804 2907 909 2994 λόγων
924 2910 977 2977 vel
993 2911 1112 2976 similia
1125 2931 1156 2994 p.
1170 2913 1242 2992 461,

90 3018 137 3078 11.
162 3014 244 3096 882,
268 3015 296 3076 2.
324 3016 422 3097 1063,
446 3017 481 3096 3,
512 3005 634 3099 sinete
657 3014 737 3097 περὶ
759 3009 838 3087 τοὺς
859 3036 896 3076 π.
920 3009 1036 3096 λόγους
1057 3033 1089 3097 p.
1110 3015 1183 3095 633,
1207 3015 1243 3095 8,

91 3112 231 3180 Θουκυδ.
248 3109 327 3196 δρας
341 3116 401 3180 τοῦ
416 3139 454 3179 π.
468 3112 566 3199 λόγου
578 3135 610 3199 p.
624 3117 695 3194 813,
715 3118 771 3196 12,
786 3117 978 3199 προσέθηκε
992 3125 1064 3190 τοῖς
1079 3137 1115 3178 π.
1133 3114 1243 3198 λόγοις

89 3209 210 3298 ἀρετὰς
225 3219 449 3304 Δημοσθένης
461 3238 493 3300 p.
506 3222 578 3296 944,
592 3220 610 3281 6
627 3218 712 3295 (coll.
725 3222 797 3295 945,
812 3221 860 3301 3),
875 3229 946 3292 τοῖς
963 3209 1101 3282 άσκοῦσι
1112 3213 1189 3293 τοός
1204 3242 1242 3281 π.

88 3317 205 3403 λόγους
216 3325 249 3385 et
263 3321 333 3384 sim.
350 3338 399 3402 ap.
416 3319 459 3385 ad
475 3320 587 3404 Pomp.
604 3321 633 3402 6,
653 3324 688 3383 11
702 3320 769 3396 (Us.
781 3341 812 3404 p.
826 3321 876 3403 67,
893 3322 952 3396 15).
970 3322 1040 3400 722,
1058 3322 1086 3384 8.
1103 3322 1174 3400 950,
1189 3324 1242 3403 15,

89 3417 263 3507 παθητικὴ
290 3418 460 3497 διάλεκτος
484 3417 739 3506 ἐπιτηδειοτάτη
763 3419 811 3498 εἷς
834 3445 870 3485 π.
895 3418 1012 3505 λόγους
1033 3441 1065 3504 p.
1092 3425 1183 3500 1124,
1207 3427 1243 3504 4,

88 3514 343 3600 κατασκευάζειν
366 3521 483 3608 λόγους
498 3521 692 3599 πολιτικοὺς
714 3524 755 3590 de
778 3545 881 3608 comp.
897 3545 928 3590 v.
944 3545 976 3609 p.
994 3526 1055 3588 410
1069 3522 1160 3607 Sch.;
1184 3520 1243 3608 τὴν

90 3622 122 3688 ἐν
151 3636 224 3699 τοῖς
247 3645 284 3687 π.
308 3622 419 3708 λόγοις
444 3622 510 3700 ἕξιν
533 3626 624 3709 srgm.
648 3626 723 3691 libri
745 3649 782 3690 π.
805 3650 879 3707 μιμ.
903 3625 958 3692 Us.
981 3647 1011 3709 p.
1040 3630 1088 3707 14,
1115 3630 1171 3710 19,
1195 3623 1243 3702 εἷς

90 3721 307 3812 διαλεκτικὴν,
336 3719 394 3790 οὐκ
417 3725 464 3803 εἰς
488 3727 565 3791 πολ.
590 3724 707 3811 λόγους
729 3719 898 3814 ὠφέλειαν
921 3724 1176 3810 συμβάλλεσθαι
1200 3728 1241 3794 de

90 3847 195 3912 comp.
211 3847 243 3892 v.
259 3846 290 3909 p.
309 3829 349 3890 72
366 3828 440 3895 Scb.

175 3929 226 3993 Ex
248 3927 310 3996 hoc
325 3951 402 3996 vero
425 3937 587 4014 tamquam
611 3930 782 4015 principali
798 3950 857 3997 usu
880 3931 1023 4013 sequitur
1045 3950 1157 3997 vocem
1182 3953 1242 3994 πο-

92 4027 219 4106 λιτικός
242 4029 284 4096 dc
299 4033 372 4099 aliia
395 4033 500 4116 rebus,
523 4052 586 4098 non
609 4032 688 4116 ipsIs
705 4032 911 4116 orationibus,
934 4039 1119 4118 usurpatam
1142 4033 1240 4116 signi·
