2990 4886
272 337 313 391 De
330 337 471 392 notionum
489 332 637 401 πολιτικὸς
654 341 682 390 et
700 333 837 407 σοφιστὴς
855 351 906 389 usn
925 333 1067 390 rhetorico.
1187 333 1246 390 155

91 549 170 592 m,
193 530 247 599 (Ε
269 506 328 596 τὴν
351 505 536 593 πολιτικὴν,
560 510 646 592 quod
669 510 774 602 ipsum
797 515 902 576 exstat
924 528 954 592 p.
972 511 1022 586 39,
1047 509 1094 590 3);
1120 509 1190 588 tao,
1210 509 1248 569 12

90 610 153 697 τὴν
182 609 381 698 σοφιστικὴν
410 603 447 674 οὗ
483 608 637 692 σύνεργον
672 613 728 696 τῆς
762 607 952 692 ἐμπράκτοο
986 609 1042 673 καὶ
1075 608 1250 690 πολιτικῆς

92 714 277 801 ῥητορικῆς.
311 715 425 796 Itaque
448 713 639 796 disiungitur
661 734 692 796 p.
710 717 782 794 320,
802 717 840 779 13
864 708 900 776 τὸ
921 709 1134 796 σοφιστεύειν
1157 717 1189 777 et
1210 707 1246 773 τὸ

93 813 284 902 ῥητορεύειν
321 812 528 899 ἐμπράκτως.
580 814 612 878 οἱ
648 815 817 879 πολιτικοὶ
847 812 983 901 ῥήτορες
1018 820 1172 880 vocantur
1197 807 1249 874 ‘oi

93 918 272 1002 πρακτικοὶ
295 919 362 980 τῶν
385 908 547 1003 ῥητόριον’
569 937 599 1000 p.
623 918 694 995 366,
718 919 737 980 6
762 925 794 983 et
812 911 865 980 ‘oi
889 913 1075 1000 ἕμπρακτοι
1098 905 1246 1000 ρητορες’

93 1040 125 1104 p.
152 1023 224 1103 351,
241 1023 270 1085 7.
308 1018 478 1082 walramni
502 1009 775 1102 &peragranter
798 1011 957 1105 ἀληθινοὶ
981 1011 1012 1082 ἆ.
1036 1041 1066 1103 p.
1084 1023 1134 1100 41,
1158 1020 1187 1081 3.
1214 1018 1251 1078 12

94 1131 127 1188 et
161 1123 238 1205 136,
270 1125 325 1203 11;
356 1120 468 1186 oiviles
498 1127 656 1204 oratores,
686 1123 827 1205 oppositi
850 1122 1018 1208 sophistis,
1048 1119 1252 1203 appellantur

94 1245 125 1308 p.
147 1227 224 1308 176,
251 1227 288 1288 17
307 1216 363 1288 ‘oi
387 1220 421 1287 ἒν
444 1221 541 1309 φόβῳ
564 1216 656 1299 ὅντες
679 1225 733 1288 καὶ
757 1215 908 1310 olympias,
940 1243 1012 1290 eum
1036 1221 1076 1287 de
1099 1218 1252 1302 sophistis

96 1327 187 1393 dieat
208 1347 239 1410 p.
256 1329 334 1408 245,
365 1327 421 1391 36:
450 1324 497 1402 εἰς
520 1324 621 1390 πόλιν
651 1325 686 1390 ot
713 1328 768 1391 καί
799 1325 846 1403 εἰς
875 1319 999 1410 ἀγορὰν
1027 1316 1084 1388 οὐκ
1107 1321 1252 1388 εἰσίασιν

96 1420 176 1492 οὐδὲ
192 1425 249 1491 τὸν
270 1431 347 1509 βίον
369 1419 455 1504 ὅλως
475 1421 672 1514 ὠφελοῦσιν.
718 1430 939 1512 Intellegimus
960 1429 1058 1511 igitur
1081 1421 1253 1489 naiteinos

97 1551 187 1612 esse,
211 1530 296 1614 quod
318 1538 443 1614 spectat
464 1531 506 1596 ad
530 1532 615 1597 vitae
638 1533 819 1613 utilitatem,
842 1531 885 1596 ad
907 1550 1001 1596 veras
1023 1528 1252 1608 contentiones,

95 1633 140 1701 ad
163 1634 265 1699 serias
288 1653 417 1715 oausas,
447 1653 510 1698 non
536 1633 579 1697 ad
607 1634 685 1699 artis
713 1632 1016 1700 demonstrationem
1044 1632 1113 1698 sire
1143 1629 1253 1694 lauda·

97 1737 223 1800 tionum
246 1740 279 1800 et
301 1735 570 1818 vituperationum
594 1735 714 1818 lusum,
738 1736 771 1800 in
794 1736 909 1818 quibus
932 1742 1031 1801 totam
1055 1753 1124 1800 esse
1147 1731 1254 1816 sophi·

98 1837 211 1902 stioam
236 1837 407 1920 postmodo
431 1836 729 1902 demonstrabimus.
739 1837 758 1910 ¹)
803 1834 865 1900 llio
880 1857 957 1902 vero
971 1837 1105 1901 alterum
1129 1843 1178 1901 est
1198 1833 1255 1899 arl-

98 1938 252 2019 dendum,
274 1938 424 2002 nimirum
440 1957 495 2003 eas
518 1944 640 2002 tantum
662 1957 775 2004 causas
797 1938 867 2020 sive
889 1938 1093 2002 deliberativi
1116 1937 1185 2002 sive
1209 1937 1254 1999 iu·

98 2040 228 2106 dieialis
253 2039 380 2122 generis
403 2040 564 2122 intellegi,
595 2060 678 2122 quae
700 2061 764 2105 non
787 2047 954 2105 versantur
976 2043 1007 2102 in
1030 2039 1144 2121 quovis
1167 2039 1255 2102 vitae

98 2142 241 2224 negotio,
257 2141 358 2208 sedin
374 2141 414 2207 iis
430 2141 517 2223 solis,
535 2162 617 2225 quae
633 2143 793 2226 pertinent
804 2142 847 2206 ad
860 2141 959 2206 vitam
974 2141 1153 2224 publicam,
1169 2138 1255 2222 quod

99 2264 163 2309 non
175 2244 279 2310 minus
290 2244 395 2308 elucet
407 2263 448 2308 ex
460 2244 540 2309 locis
556 2264 653 2327 snpra
668 2244 818 2327 laudatis,
834 2245 888 2309 ubi
905 2242 1104 2329 δημηγορίαι
1120 2247 1152 2307 et
1167 2239 1255 2304 ὁικα-

101 2343 224 2432 στήρια
239 2345 308 2411 sola
323 2353 619 2427 commemorantur,
643 2365 739 2428 quam
755 2366 797 2410 ex
819 2345 908 2412 hisee
926 2345 1109 2411 Philodemi
1132 2343 1256 2409 verbis:

102 2449 228 2532 part,
255 2449 293 2510 15
321 2447 377 2510 καί
407 2441 494 2510 ποῖλι
521 2445 559 2511 τὸ
591 2443 868 2530 συμβουλευτικὸν
898 2440 935 2512 οὐ
958 2459 1029 2522 τοῖς
1051 2443 1135 2510 κατὰ
1157 2449 1257 2527 μέρος

103 2543 304 2634 ἀνθρώποις
319 2542 403 2631 ὑπὲρ
423 2550 490 2611 τῶν
514 2547 561 2624 είς
583 2553 659 2631 βίον
681 2548 844 2631 μακάριον
868 2541 1054 2636 ἀνηκόντων
1078 2600 1085 2614 .
1109 2600 1117 2614 .
1142 2599 1149 2614 .
1173 2541 1257 2612 ἀλλὰ

102 2649 197 2736 (λήμην
226 2650 282 2714 καὶ
311 2649 480 2729 πλήθεσιν
508 2653 626 2726 κοινῶς
654 2653 732 2734 περὶ
760 2653 827 2715 τῶν
859 2653 1041 2718 πολιτικῶν
1075 2653 1257 2737 λεγομένων

103 2750 318 2838 πραγμάτων.
364 2752 414 2818 De
444 2753 558 2818 eodem
589 2753 802 2821 deliberativo
832 2775 949 2838 genere
978 2755 1063 2820 idem
1094 2755 1258 2838 profitetur

104 2878 134 2940 p.
152 2859 225 2939 332,
243 2862 278 2939 5;
304 2862 402 2936 atque
424 2877 455 2939 p.
473 2859 551 2939 332,
572 2861 607 2920 10
632 2857 672 2923 de
695 2857 839 2924 iudiciali
860 2877 979 2940 genere
1001 2857 1094 2924 dicit:
1117 2845 1177 2920 κᾶν
1198 2854 1258 2936 μὲν

106 2957 177 3046 δίκη
208 2963 344 3044 γένηται
373 2960 473 3022 πέντε
500 2960 606 3039 μνῶν,
635 2959 815 3039 μελετῶσιν
844 2960 897 3023 καὶ
922 2956 1137 3036 ε’ντείνσνται,
1165 2949 1258 3033 ὅπως

105 3067 298 3128 πείσοοσιν·
321 3056 380 3124 τὸν
403 3058 439 3124 δέ
456 3084 522 3124 που
541 3059 597 3124 6ιά
616 3060 805 3137 κενοδοξίαν
822 3060 869 3137 εἷς
883 3059 1058 3147 μοχθηρὰς
1074 3058 1259 3142 ἐπιθυμίας

105 3162 268 3228 τάλαντον
296 3163 460 3245 μέλλοντα
483 3155 672 3228 ἀναλίσκειν
687 3166 743 3229 καὶ
765 3161 849 3246 μετὰ
871 3164 990 3229 τούτου
1013 3160 1130 3228 ἑαυτὸν
1153 3185 1260 3247 προσ-

107 3263 313 3348 αποβάλλειν
337 3314 369 3328 ..
387 3315 395 3329 .
418 3285 481 3331 non
504 3275 616 3331 rurant
631 3267 682 3342 (ef.
700 3287 783 3332 vers.
801 3271 818 3330 7
835 3272 896 3350 sq.)
911 3269 964 3333 vel
980 3268 1084 3333 simile
1108 3265 1195 3349 quid.
1218 3302 1259 3310 —

193 3369 306 3451 ltaque
321 3370 490 3435 statuimus
505 3369 592 3451 apud
607 3369 832 3436 Philodemum
850 3376 890 3450 et,
914 3369 1000 3451 quod
1018 3369 1093 3435 inde
1116 3367 1259 3444 efficitur,

108 3472 196 3555 apud
225 3471 471 3554 llpioureos,
502 3469 576 3536 lue.
609 3479 784 3538 exeunte
813 3471 980 3538 saeculo
1009 3478 1170 3552 quarto,
1200 3473 1260 3537 tria

109 3572 165 3639 illa
186 3571 365 3638 rhetoricae
388 3591 522 3656 genera,
553 3593 635 3655 quae
665 3573 752 3656 apud
774 3573 979 3640 Aristotelem
1007 3572 1143 3655 primum
1174 3573 1259 3639 clare

196 3761 220 3819 1)
239 3754 279 3810 Cf.
293 3753 430 3822 Quintil.
451 3754 514 3809 inst.
528 3755 567 3810 lll
581 3760 605 3823 8,
619 3763 632 3810 t
648 3751 690 3811 ‘in
708 3758 892 3826 panegyricis,
918 3757 964 3811 ubi
982 3758 1189 3812 emolumentum
1208 3772 1261 3810 non

110 3837 273 3894 inutilitate
291 3841 397 3909 aliqua,
423 3839 469 3895 sed
492 3841 519 3895 in
538 3841 596 3896 sola
613 3841 693 3896 laude
718 3837 862 3908 consistit,
887 3844 967 3895 stiam
990 3843 1112 3912 apertius
1131 3840 1260 3897 Fronto

113 3921 139 3975 in
156 3925 307 3992 prooemio:
327 3921 391 3979 ‘hoe
408 3941 493 3993 genus
511 3926 640 3980 orationis
659 3943 711 3981 non
732 3927 829 3996 capitis
852 3926 1013 3981 defendendi
1036 3943 1085 3983 neo
1107 3927 1262 3982 suadendae

112 4005 174 4076 legis
193 4025 243 4064 nee
261 4009 394 4063 exercitus
412 4010 573 4064 adhortandi
591 4027 640 4065 nec
664 4011 871 4066 inflammandae
894 4013 1026 4068 contionis
1049 4011 1190 4079 scribitur,
1216 4013 1262 4068 sed

111 4089 266 4149 facetiarum
284 4095 311 4149 et
328 4089 492 4162 voluptatis'.
