2990 4886
288 327 330 380 De
348 325 488 382 notionum
506 320 656 392 πολιτικὸς
675 331 702 381 et
720 321 859 398 σοφιστὴς
878 343 929 382 usu
946 327 1091 383 rhetorico.
1207 327 1268 384 169

112 495 191 560 lium
216 503 374 564 oratorum
397 499 611 566 elocutionem
635 500 778 567 eiusdem
803 519 873 566 esse
895 501 1032 583 generis.
1048 533 1089 546 ——
1105 495 1176 587 τὴν
1192 524 1268 564 πο-

112 595 271 684 λιτικὴν
300 597 415 676 λέξιν
444 603 581 686 legimus
609 623 640 686 p.
658 605 738 686 974,
766 605 813 667 13.
846 606 943 685 1109,
968 605 996 668 8.
1024 607 1121 685 1110,
1148 606 1195 668 16.
1226 603 1268 670 de

112 721 217 786 comp.
234 723 264 767 v.
289 723 320 786 p.
346 705 406 767 136
430 711 462 770 et
485 707 545 770 384
570 703 664 788 Sch.;
687 704 764 767 πολ.
789 701 914 789 φράσις
937 710 1042 771 exstat
1063 725 1095 788 p.
1120 707 1212 782 1112,
1237 709 1266 770 3.

111 801 336 868 πολιτικόν
360 807 491 892 σχῆμα
514 807 608 872 Dion.
633 806 710 873 dicit
731 827 763 890 p.
790 811 881 889 1050,
899 809 931 872 8:
955 803 1020 886 ἔχει
1042 809 1157 888 μέντοι
1180 801 1209 886 (ὁ
1234 803 1268 870 ἓν

110 902 289 990 Μενεξένῳ
306 903 499 994 ἐπιτάφιος)
515 904 556 971 τά
575 907 683 972 πλείω
704 907 822 986 καλῶς,
847 898 884 971 οὐ
906 903 969 992 γάρ
992 906 1044 973 δεῖ
1065 906 1267 990 ψεύδεσθαι,

109 1003 200 1092 πλὴν
215 997 268 1072 ὅτι
283 1007 506 1074 πολιτικόν
520 1032 557 1093 γε
571 1007 609 1074 τὸ
628 1011 735 1093 σχῆμα
749 1001 849 1094 αὐτῆς
861 1011 931 1096 (τῆς
945 1007 1076 1089 λέξεως)
1093 1007 1192 1090 ἐστιν,
1210 1003 1268 1075 οὐκ

110 1104 354 1192 ἐναγώνιον,
378 1112 398 1176 1.
422 1131 461 1194 e,
484 1112 517 1176 ni
539 1113 650 1194 fallor,
677 1106 858 1179 ‘sublimior
874 1118 922 1178 eet
938 1118 969 1178 et
990 1111 1085 1178 altior
1107 1115 1267 1180 communi

109 1231 260 1278 sermone
289 1213 444 1297 elocutio,
474 1233 534 1281 neo
557 1233 633 1280 vero
663 1213 778 1280 cadem
806 1215 933 1280 veritati
956 1205 1211 1280 accommodata'
1228 1217 1266 1297 1);

109 1313 250 1396 denique
266 1311 464 1398 πολιτικὴ
490 1315 690 1402 ῥητορεία
712 1322 845 1382 vocatur
860 1317 961 1382 oratio
975 1312 1116 1382 ‘civilem
1138 1316 1265 1383 dicendi

109 1414 328 1482 characterem
351 1407 472 1499 gerens'
499 1419 531 1482 in
547 1419 568 1482 l.
584 1442 621 1483 π.
637 1442 710 1499 μιμ.
728 1419 803 1501 epit.
820 1418 851 1482 ll
868 1420 886 1481 8
905 1418 971 1495 (Us.
988 1437 1019 1502 p.
1036 1422 1087 1501 20,
1104 1421 1166 1496 22).

197 1515 290 1595 ouon
317 1520 456 1601 pertinet
478 1520 520 1584 ad
543 1521 656 1586 civiles
685 1522 845 1586 orationes
867 1516 1042 1584 πολιτικὸν
1073 1522 1266 1604 appellatur,

108 1614 368 1706 1616161613ῒὴ
392 1618 590 1709 πολιτικὴ
614 1619 790 1704 δύναμις
812 1643 843 1706 p.
863 1623 935 1708 885,
962 1627 1015 1705 17,
1040 1623 1074 1688 id
1097 1630 1146 1688 cst
1167 1623 1265 1690 lacul-

108 1733 159 1790 tas
180 1725 291 1790 civiles
310 1725 470 1790 orationes
489 1724 700 1808 componendi
720 1730 752 1789 et
773 1723 914 1790 habendi
936 1727 1045 1807 (quam
1072 1725 1267 1792 locutionem

108 1827 353 1892 usitatissimam
381 1826 479 1892 luisse
509 1823 699 1892 Philodamo
728 1847 826 1910 supra
854 1825 993 1892 vidimus
1015 1848 1047 1911 p.
1067 1829 1149 1905 157).
1193 1828 1266 1893 Non

88 1929 205 1993 aliter
226 1927 277 2010 fit,
306 1935 340 1994 ut
369 1929 423 2011 qui
447 1930 479 1993 in
502 1929 652 1994 civilibus
675 1928 871 1994 orationihus
894 1934 1055 2011 versatur,
1085 1930 1267 2012 appelletur

107 2027 285 2105 πολιτικὸς
308 2033 350 2108 (v.
374 2031 415 2096 de
431 2029 558 2097 Philod.
575 2052 606 2115 p.
627 2034 698 2109 156)
721 2051 752 2114 p.
772 2033 863 2112 1007,
887 2035 906 2096 9
931 2033 1093 2095 πείθεται
1117 2022 1266 2117 ἀποχρῆν

106 2133 156 2215 τῷ
181 2132 346 2216 πολιτικῷ
369 2129 521 2196 διάνοιαν
546 2124 725 2208 ἀποδείξαι
748 2130 938 2196 σπουδαίαν
958 2129 1145 2220 Ἰσοκράτης
1168 2139 1220 2212 (--
1234 2155 1264 2199 v.

110 2237 148 2298 13
173 2235 223 2318 τῷ
244 2235 399 2316 μέλλοντι
422 2237 560 2300 πείθειν
584 2233 687 2322 δῆμον
710 2223 731 2319 ἢ
760 2231 995 2319 δικαστήριον).
1019 2236 1057 2302 cs.
1079 2256 1110 2319 p.
1130 2239 1221 2316 1026,
1249 2243 1261 2300 l

107 2337 216 2400 ταῦτα
243 2337 431 2412 πολιτικοῖς
459 2337 515 2402 καὶ
543 2335 698 2422 ῥήτορσιν
728 2328 869 2420 ἀνδράσι
891 2335 1042 2424 μελήσει,
1066 2360 1097 2422 p.
1124 2343 1221 2418 1114,
1246 2342 1265 2403 6

108 2435 286 2514 πολιτικὸς
310 2436 508 2526 δημιουργὸς
530 2441 754 2526 Δημοσθένης
770 2444 823 2519 (=
839 2440 879 2506 de
896 2461 999 2524 comp.
1016 2461 1046 2505 v.
1062 2462 1093 2524 p.
1111 2445 1172 2506 410
1189 2441 1264 2508 Sch.

108 2533 193 2626 ἀνὴρ
215 2539 467 2620 κατασκευάζων
491 2538 608 2625 λόγους
630 2539 845 2618 πολιτικούς).

197 2643 313 2710 Adhuc
329 2645 486 2728 Dionysio
502 2647 664 2712 notionem
680 2644 856 2709 πολιτικοῦ
873 2641 971 2728 λόγου
987 2651 1042 2710 aut
1063 2645 1125 2710 tria
1146 2665 1266 2728 genera

108 2812 142 2865 de
161 2826 267 2866 consor.
290 2811 353 2864 hist.
374 2827 397 2864 c.
418 2815 468 2875 43).
489 2815 547 2874 813,
568 2815 608 2864 12.
627 2815 686 2875 931,
707 2817 737 2866 13
751 2826 809 2879 sqq.
828 2815 886 2876 939,
905 2815 991 2879 3sqq.
1011 2815 1070 2873 941,
1089 2815 1175 2880 3sqq.
1194 2811 1265 2874 (coll.

107 2901 168 2961 959,
184 2900 235 2959 14).
249 2899 308 2961 952,
321 2899 345 2950 3.
361 2899 434 2960 1921,
448 2899 473 2950 8.
486 2927 520 2936 -
533 2896 566 2950 dc
578 2896 643 2950 imit.
658 2896 721 2963 epit.
735 2896 803 2948 1112
817 2895 873 2960 (Ue.
886 2911 914 2964 p.
930 2899 971 2963 25,
984 2899 1009 2960 6)
1022 2919 1054 2938 --
1068 2910 1109 2964 ep.
1123 2896 1158 2948 ad
1171 2895 1264 2964 Pomp.

108 2987 132 3048 5,
146 2985 162 3034 6
182 2979 239 3046 (Us.
253 2997 279 3048 p.
294 2985 334 3047 63,
348 2984 382 3045 1).
402 2995 444 3050 ep.
458 2981 492 3034 ad
504 2984 564 3035 Am.
578 2985 602 3048 6,
618 2985 647 3034 11
668 2980 725 3046 (Ur.
738 2998 765 3050 p.
779 2984 825 3044 61,
837 2985 886 3040 11).
905 2980 1007 3048 antiqu.
1026 2979 1103 3035 Rom.
1116 2980 1130 3032 l
1143 2983 1167 3034 8.
1203 2981 1266 3035 Alia

108 3065 225 3120 dicenda
242 3069 322 3118 erunt
340 3064 372 3118 de
390 3079 487 3132 genere
504 3065 633 3120 historico
650 3064 722 3120 intre
739 3081 766 3133 p.
783 3069 829 3120 135
842 3065 905 3120 adn.
919 3070 942 3117 1.

198 3154 221 3214 1)
240 3149 469 3218 Quandocumque
492 3150 564 3204 huno
587 3151 675 3205 locum
698 3153 787 3205 animo
812 3151 951 3220 reputavi,
977 3150 1128 3204 haesitasse
1151 3165 1265 3205 menon

107 3251 220 3302 possum
239 3251 293 3290 non
313 3234 445 3304 confiteri,
463 3252 528 3290 num
545 3235 617 3290 sorte
628 3235 752 3289 mendum
765 3243 836 3290 esset
853 3237 880 3290 iu
898 3252 964 3292 uoce
982 3242 1133 3294 πολιτικον
1151 3241 1179 3290 et
1196 3238 1265 3292 scri·

108 3319 228 3374 bendum
243 3316 399 3393 ποιητοιόν.
437 3320 511 3374 Ηεεο
524 3321 594 3374 enim
611 3321 755 3390 oppositio,
773 3321 796 3376 si
808 3325 928 3376 ceterum
939 3323 1012 3378 vocis
1025 3317 1173 3388 πολιτικὸς
1190 3323 1265 3390 apud

107 3405 376 3460 Halicarnassensem
390 3423 468 3461 usum
487 3413 603 3474 spectas,
620 3421 734 3475 prorsus
746 3407 896 3474 singularis,
915 3407 977 3462 etsi
989 3407 1187 3477 simplicitatem
1200 3407 1265 3462 Dio-

108 3491 180 3560 nysii
192 3492 322 3558 cognosti,
341 3499 397 3545 tam
415 3492 538 3560 quaesita
551 3497 600 3556 est,
613 3497 643 3546 ut
655 3491 813 3559 scrupulum
822 3509 876 3547 non
889 3499 996 3560 praeter
1007 3493 1139 3548 rationem
1149 3501 1263 3549 moveat.

107 3576 272 3631 Nonnullius
290 3577 343 3631 hac
360 3577 387 3630 in
406 3592 435 3630 re
452 3577 579 3632 momenti
596 3577 660 3631 mihi
678 3576 782 3630 videtur
800 3578 876 3632 locus
894 3578 948 3632 iud.
969 3578 1001 3632 de
1020 3579 1102 3633 Isocr.
1122 3595 1148 3648 p.
1163 3581 1221 3646 534,
1235 3583 1263 3642 6;

108 3666 220 3728 (ταῦτα)
238 3657 506 3734 ποιητικώτερα
523 3657 635 3730 μᾶλλόν
652 3659 729 3718 ἐστιν
747 3657 764 3733 ἢ
781 3655 1042 3736 άληθινώτερα.
1079 3663 1148 3718 Nam
1171 3681 1263 3720 vocem

107 3745 265 3819 ἐναγώνιος
277 3751 305 3802 et
317 3741 453 3819 άληθινὸς
470 3763 556 3816 paene
573 3747 644 3801 idem
660 3747 750 3802 valere
763 3748 848 3802 velex
861 3749 1070 3818 comparatione,
1089 3764 1168 3817 quem
1182 3749 1262 3804 Dion.

108 3832 180 3887 inter
197 3832 318 3888 Platonis
336 3833 424 3888 locum
443 3839 470 3886 ct
487 3832 676 3888 Demosthenis
694 3833 826 3898 instituit,
851 3839 978 3902 apparet,
998 3834 1055 3889 scil.
1069 3851 1095 3904 p.
1114 3839 1186 3898 1956,
1203 3839 1217 3888 8
1235 3838 1264 3889 et

111 3922 150 3986 13,
164 3932 234 3987 quae
247 3917 412 3987 comparatio
425 3922 457 3984 (v.
471 3934 538 3972 vers.
553 3925 618 3987 8sq.
636 3924 674 3974 11.
690 3923 740 3985 14)
752 3920 812 3987 ipsa
825 3935 931 3989 quoque
943 3919 1021 3974 nobis
1032 3918 1115 3976 lavet.
1139 3920 1263 3976 Ceterum

110 4003 144 4058 cf.
159 4020 185 4072 p.
200 4008 258 4069 964,
272 4003 330 4060 911.
349 4009 376 4058 et
394 4019 463 4072 quae
482 4004 563 4074 paulo
582 4008 646 4073 post
664 4004 782 4060 dicemus
800 4005 833 4060 de
845 4005 957 4060 vocibus
972 4000 1120 4071 πολιτικὸς
1138 4009 1164 4060 et
1182 4024 1262 4072 ποιη-

109 4083 191 4155 τικὸς
208 4103 225 4142 a
242 4089 359 4145 librariis
378 4091 487 4159 saepius
507 4090 636 4145 confusis.
