2990 4886
290 293 330 348 De
348 295 486 349 notionum
504 291 652 362 mulctraria
670 300 697 350 et
713 292 853 367 σοφιστὴς
870 311 921 351 usu
938 296 1081 352 rhetorico.
1205 298 1264 356 145

110 489 195 553 quae
218 467 401 550 afferantur,
425 466 541 534 haece:
561 461 649 533 ‘Fuit
672 469 757 534 enim
780 467 859 534 mihi
882 469 1099 551 commodum,
1123 471 1209 553 quod
1232 472 1264 535 in

112 569 160 636 eis
184 569 395 652 orationibus,
427 588 509 651 quac
533 569 735 654 Philippicae
758 571 976 653 nominantur,
1007 572 1165 636 enituerat
1185 571 1264 638 civis

112 672 169 737 ille
192 677 263 736 tuus
287 669 536 752 Demosthenes,
567 677 599 750 et
628 672 714 754 quod
737 691 771 736 se
794 672 835 738 ab
859 670 920 738 hoo
942 673 1160 738 refractariolo
1184 672 1264 737 iudi·

71 845 78 854 ,
113 774 188 840 ciali
211 791 327 856 genere
350 773 550 854 abiunxerat,
578 778 613 838 ui
636 771 834 856 σεμνότερος
856 797 908 850 τις
929 776 985 839 καὶ
1009 772 1265 856 πολιτικώτερος

113 874 287 954 videretur,
312 893 432 955 curare,
455 880 490 938 ut
511 893 604 940 meae
627 894 755 959 quoque
779 883 885 942 essent
901 878 1070 958 orationes,
1094 897 1176 960 quae
1193 897 1265 944 eon·

112 976 235 1041 solares
258 972 513 1042 nominarentur.'

201 1078 313 1161 Neque
341 1077 518 1161 paenitebit
541 1078 722 1144 Aristotelis
752 1099 848 1144 uuum
879 1079 928 1145 lris
957 1079 1131 1164 adiungere
1160 1081 1265 1146 looum

112 1181 216 1246 artis
234 1181 445 1262 poeticae,
470 1199 565 1261 quem
581 1180 614 1245 in
631 1178 691 1245 hoo
707 1181 935 1246 sententiarum
958 1200 1043 1246 nexu
1059 1183 1194 1246 transire
1217 1181 1265 1248 fas

114 1301 177 1347 non
202 1289 265 1347 eet:
289 1284 328 1357 (e.
345 1281 434 1366 le.
456 1277 555 1344 1450b
572 1285 603 1355 4)
626 1285 738 1362 τρίτον
762 1275 830 1365 deri
850 1277 993 1345 διάνοια.
1030 1282 1129 1344 τοῦτο
1153 1279 1190 1346 de'
1212 1279 1265 1346 ἕσ-

114 1408 167 1448 τιν
191 1381 228 1447 τὸ
254 1382 359 1466 λέγειν
383 1380 551 1448 δύνασθαι
577 1379 619 1446 τὰ
643 1380 757 1447 ἐνόντα
782 1381 902 1448 καὶτὰ
926 1378 1133 1464 ἁρμόττοντα
1142 1433 1150 1461 ,
1182 1373 1265 1463 ὅπερ

115 1485 174 1550 ἐντὶ
197 1487 262 1548 τιον
294 1483 399 1568 λόγων
421 1483 677 1574 τῆςθιιολιτικῆς
701 1487 759 1548 καὶ
782 1485 957 1571 ῥητορικῆς
981 1483 1075 1568 λ’ργον
1099 1481 1203 1548 ἐστίν·
1234 1483 1267 1548 οἳ
1292 1541 1302 1606 p

112 1585 259 1672 μὲνγὰρ
283 1581 414 1668 ἀρχαῖοι
438 1587 594 1682 er
592 1589 669 1662 κῶς
687 1584 822 1652 ἒιιολοον
838 1587 1000 1671 λέγοντος,
1025 1585 1057 1650 οἱ
1073 1585 1109 1652 δὲ
1132 1587 1187 1651 νῦν
1219 1586 1267 1672 ‘q-
1301 1579 1419 1676 :f

114 1693 267 1774 τορικώς.
313 1690 374 1756 Ηίο
396 1691 499 1772 locus,
523 1691 551 1755 si
574 1681 645 1773 qiris
668 1691 766 1774 alins,
790 1689 1002 1770 demonstrat,
1026 1612 1306 1771 quantasffiiir>¹

109 1780 506 1877 e‘ultffiinterpretibus
537 1813 601 1858 vox
624 1787 800 1866 πολιτικὸς
822 1792 985 1875 praebeat.
1030 1791 1113 1856 Nam
1137 1791 1267 1858 Godofr.
1307 1788 1309 1813 ²

115 1897 328 1977 Hermannus,
352 1895 392 1959 ld.
417 1893 623 1977 Schmidtius,
647 1893 869 1978 Susemihlius,
895 1895 1005 1975 Ritter,
1030 1893 1204 1960 Vahlenius
1228 1929 1267 1936 -

115 2019 206 2066 suam
222 1997 358 2081 quisque
374 1998 667 2080 interpretationem
683 1997 811 2081 profert.
858 1995 1016 2079 Equidem
1036 1996 1068 2060 in
1084 2015 1207 2061 summa
1221 1997 1268 2061 rei

116 2099 308 2166 accesserim
331 2098 369 2164 G.
386 2099 577 2181 Hermanno,
601 2100 655 2180 qui
677 2097 859 2173 πολιτικῶς
882 2097 987 2181 λέγειν
1010 2096 1190 2180 significare
1213 2097 1268 2162 ad·

115 2208 219 2267 notat:
240 2193 317 2265 ‘ita
340 2201 464 2266 verba
486 2200 637 2282 facere,
661 2207 701 2264 ut
723 2201 864 2266 civilis
888 2199 1107 2283 prudentia
1129 2207 1269 2282 postu·

116 2295 203 2368 lat'.
242 2300 332 2379 Quae
348 2303 411 2366 iam
426 2308 615 2384 sequuntur:
635 2295 712 2366 ‘ita
736 2309 775 2366 ut
796 2301 952 2384 aliquid
969 2301 1182 2366 suadeatur
1205 2301 1270 2366 vel

116 2403 423 2488 dissuadeatur,
453 2425 536 2470 cum
565 2405 801 2488 plerumque
823 2403 1127 2486 tragoediarum
1151 2423 1267 2484 argu·

116 2515 248 2571 menta
271 2507 308 2570 in
332 2527 376 2572 eo
400 2505 630 2586 versentur,
662 2513 702 2570 ut
724 2506 771 2570 de
793 2506 961 2589 publica
984 2505 1171 2570 civitatis
1194 2505 1270 2569 ali·

116 2609 231 2674 ouius
254 2609 442 2673 utilitate
465 2597 620 2689 agatur'
647 2608 750 2673 minus
767 2606 845 2672 mini
861 2607 1045 2690 probantur,
1070 2606 1102 2670 in
1119 2605 1169 2672 his
1185 2607 1271 2671 enim

116 2711 213 2776 nimis
235 2709 352 2793 premit
372 2708 570 2792 reipublicae
592 2709 770 2792 notionem,
801 2729 873 2775 cum
901 2708 981 2774 mihi
1011 2707 1141 2791 quidem
1165 2709 1270 2790 potius

117 2815 151 2878 in
174 2813 358 2878 universum
379 2810 421 2876 do
444 2811 603 2876 communi
625 2812 713 2877 vitae
730 2812 866 2876 utilitate
887 2829 1057 2893 rerumque
1079 2811 1271 2876 necessitate

117 2913 219 2998 (quod
240 2933 297 2979 nos
321 2913 456 2979 dicimus
480 2910 681 2995 ,proltrtoffl
701 2914 770 2978 sive
794 2911 984 2991 „socdlr'clr“t
1001 2912 1208 2995 cogitandum
1223 2915 1270 2980 vi·

118 3017 233 3082 deatur
249 3015 300 3090 (oi.
313 3015 395 3080 infra
406 3035 438 3098 p.
454 3018 535 3089 159).
555 3007 745 3100 Ῥητορικῶς
761 3022 866 3080 autem
883 3014 990 3099 λέγειν
1006 3015 1207 3082 Hermannus
1226 3018 1272 3082 in·

118 3124 311 3203 terpretatur
337 3110 596 3201 ‘disceptare
624 3117 785 3201 aliquid
807 3119 847 3184 in
869 3125 1077 3201 utramque
1099 3126 1271 3202 partem,

118 3218 790 3303 magiscognoscendaereioausa
813 3242 925 3304 quam
950 3228 990 3286 ut
1012 3220 1186 3286 suadeat
1208 3224 1272 3287 vel

118 3313 386 3404 dissuadeat',
409 3323 524 3405 quibus
548 3324 776 3390 convenienter
798 3322 878 3388 milri
896 3322 1010 3389 videor
1024 3343 1204 3406 apponere:
1228 3325 1273 3390 ita

118 3432 154 3489 ut
176 3422 219 3488 ad
241 3425 318 3490 artis
342 3423 645 3490 demonstrationem
670 3432 765 3509 poeta
787 3431 918 3508 spectet.
957 3425 1141 3490 Invenimus
1164 3425 1270 3507 igitur,

118 3528 146 3592 si
170 3523 265 3591 modo
288 3526 351 3592 loci
374 3546 501 3592 sensum
524 3529 664 3593 assecuti
687 3547 804 3610 sumus,
827 3547 891 3592 non
907 3527 1042 3593 obscura
1064 3525 1185 3592 indicia
1208 3526 1270 3594 dis·

120 3627 262 3694 criminis
285 3628 381 3709 illius,
405 3627 492 3710 quod
515 3636 563 3694 est
585 3629 668 3694 inter
690 3625 883 3703 πολιτικοίς
898 3635 929 3694 et
953 3624 1194 3705 ἒττιόιικτικοίς
1216 3627 1272 3692 ic'-

118 3751 206 3812 γοις.
252 3728 436 3812 Respondet
459 3730 554 3810 enim,
581 3751 645 3796 non
667 3750 794 3813 prorsus
818 3751 876 3812 par
899 3735 947 3796 est
969 3728 1044 3796 huic
1067 3728 1272 3796 disiunctioni

120 3832 178 3896 illa
193 3831 395 3913 Aristotelea,
420 3851 502 3914 qnae
526 3832 700 3898 instituitur
721 3832 804 3897 inter
827 3823 1047 3918 ἆγιονιοιικὴν
1071 3839 1102 3897 et
1126 3829 1271 3898 ἐπιδεικ-

119 3929 213 4016 τικὴν
232 3951 289 3997 seu
310 3929 472 4018 γραφικὴν
497 3929 595 4010 λέξιν,
619 3933 659 3999 de
681 3953 744 4016 qua
766 3953 796 3998 v.
819 3953 850 4018 p.
869 3937 928 3998 179
948 3955 978 3999 n.
999 3940 1025 4000 l.
1063 3934 1211 4000 Ceterum
1230 3937 1271 4001 ad

122 4031 345 4099 illustrandum
361 4033 445 4100 huno
459 4037 537 4101 artis
554 4034 699 4118 poeticae
715 4036 820 4102 locum
836 4055 899 4100 non
922 4034 1003 4100 nihil
1026 4037 1170 4103 conterre
1193 4036 1272 4102 milri

172 4138 284 4194 tatpztgor
297 4139 397 4184 Studien.
422 4141 474 4185 XV.
1089 4137 1118 4186 10
