2990 4886
249 313 310 371 162
426 345 429 350 ·
659 315 772 372 Carolus
791 316 998 372 Brundstaetter

247 487 429 554 rhetoribus
453 491 652 572 usurpatae),
682 509 777 572 quern
801 489 932 572 quidem
955 491 1043 557 vocis
1073 489 1249 568 πολιτικὸς
1272 513 1365 559 usum
1392 517 1414 559 a

55 647 100 692 s.
125 589 160 622 ²
210 591 563 674 „nombprofectum
595 611 665 658 esse
694 591 869 657 admodum
899 593 1067 676 probabile
1091 599 1177 670 est.¹)
1220 595 1306 661 Num
1329 592 1429 663 uero

248 679 652 759 auctione‘unidersalis
676 684 829 760 civitatis'
856 695 965 760 stoicis
993 697 1148 780 probatae
1172 697 1224 764 hic
1246 718 1322 765 usus
1346 706 1410 764 ter·

195 817 198 824 ’
247 795 326 860 mini
349 791 523 869 πολιτικὸς
545 794 741 862 derivandus
764 797 820 879 sit,
850 816 1054 880 nequaquam
1084 799 1163 864 mibi
1193 806 1257 865 tam
1284 807 1410 867 certum

248 897 376 963 videtur
399 917 495 980 quam
518 896 647 963 Thielio
671 898 833 981 (Hermag.
850 919 882 982 p.
899 899 1056 984 33-35);
1084 902 1219 968 fortasse
1250 904 1303 968 vel
1326 901 1410 968 haec

249 999 442 1083 significatio
458 1000 500 1065 ab
516 1001 574 1065 illa
589 1001 744 1084 primaria
766 1002 873 1083 potius
895 1003 1072 1086 repetenda
1095 1009 1153 1087 est,
1177 1004 1211 1069 id
1234 1005 1320 1086 quod
1345 1013 1409 1070 sta-

248 1103 358 1167 bilitur
380 1101 617 1185 quodammodo
641 1103 749 1168 verbis
766 1103 839 1167 Iulii
856 1103 1004 1186 Victoris,
1029 1106 1084 1188 qui
1108 1112 1270 1188 tamquam
1295 1107 1411 1172 miscet

248 1211 414 1287 utramque
430 1204 725 1286 interpretationem
743 1204 860 1280 (Halm.
877 1225 908 1288 p.
927 1209 999 1289 373,
1017 1206 1066 1287 2):
1088 1200 1246 1274 ‘Oratoris
1263 1208 1409 1274 officium

161 1334 162 1338 ¹
248 1314 297 1372 est
312 1308 344 1370 in
361 1327 401 1371 ea
416 1307 614 1388 quaestione,
638 1325 721 1388 quae
745 1312 892 1372 versatur
915 1308 947 1372 in
963 1309 1101 1390 negotiis
1126 1309 1286 1394 civilibus,
1310 1330 1410 1393 posse

248 1409 409 1493 probabili
433 1415 465 1474 et
487 1413 564 1491 apta
585 1407 628 1472 ad
650 1408 910 1490 persuadendum
934 1413 1078 1476 oratione
1101 1412 1156 1477 uti.
1195 1410 1276 1476 Sunt
1298 1420 1409 1478 autem
1481 1471 1482 1474 ,

248 1531 288 1577 ea
310 1511 438 1576 demum
463 1511 573 1576 civilia
594 1511 734 1595 negotia,
758 1531 842 1594 quae
860 1512 950 1576 nulla
964 1519 1033 1578 arte
1049 1515 1180 1596 propria
1195 1516 1409 1598 eontinentur,
1481 1591 1482 1594 Ἴ

247 1621 282 1679 ut
304 1613 519 1696 geometricae
549 1619 581 1678 et
609 1613 750 1678 musicae
780 1619 812 1678 et
841 1619 1017 1680 ceterarum
1048 1615 1234 1682 huiusmodi
1257 1618 1409 1683 scientia·

247 1736 328 1797 rum,
351 1715 409 1781 scd
433 1735 542 1780 earum
565 1734 669 1780 rerum
692 1721 861 1782 tractatum
885 1715 1013 1799 habent,
1037 1737 1120 1800 quae
1136 1717 1343 1800 perficiuntur
1366 1740 1410 1785 ex

248 1820 398 1902 opinione
415 1819 573 1884 communi
589 1824 658 1882 aut
680 1818 844 1900 legibus
867 1825 934 1884 aut
957 1821 1169 1894 moribus2)
1186 1821 1273 1886 etde
1290 1822 1409 1904 quibus

248 1941 368 2006 omnes,
396 1922 451 2004 qui
474 1922 677 2002 aliquatenus
699 1919 897 1986 intellectum
921 1922 1089 2006 recipiunt,
1114 1929 1146 1988 et
1168 1923 1351 1990 discerncre
1377 1932 1411 1989 et

246 2023 389 2090 iudicare
412 2013 553 2106 possint?
602 2020 818 2099 Quintilianus
841 2042 935 2106 vero,
959 2024 986 2088 si
1009 2030 1096 2090 recte
1118 2025 1297 2108 perspicio,
1322 2046 1409 2109 quae

247 2127 370 2192 iudicat
392 2125 433 2190 de
455 2126 496 2190 iis
520 2123 770 2205 definitionibus,
794 2125 910 2207 quibus
926 2119 1144 2192 sive‘civiles
1160 2125 1288 2192 demum
1308 2148 1408 2211 quac·
1481 2197 1482 2218 ,

247 2219 379 2294 stiones'
413 2229 482 2293 sive
508 2219 632 2290 ‘civilis
661 2217 807 2290 materia'
841 2227 911 2291 sive
938 2221 1071 2293 ‘civiles
1100 2219 1164 2293 res'
1190 2231 1309 2294 oratori
1333 2251 1408 2313 pro-

246 2337 407 2415 ponuntur
435 2328 672 2410 tractandae,³l
703 2329 830 2393 illorum
858 2327 1038 2414 rhetorum,
1075 2337 1109 2394 ut
1136 2329 1232 2396 homo
1262 2331 1408 2417 Latinus,
1481 2361 1482 2420 r

247 2433 435 2498 sententiam
467 2451 529 2496 non
558 2449 686 2513 prorsus
717 2437 882 2495 assecutus
912 2431 1108 2497 adiectivum
1137 2429 1312 2508 πολιτικὸς
1342 2455 1408 2501 non
1481 2487 1482 2508 ,

247 2536 403 2618 ampliore
432 2533 493 2598 boc
522 2552 632 2614 sensu,
663 2531 720 2598 sed
750 2533 903 2615 primario
926 2534 982 2599 illo
1012 2533 1190 2618 eodemque
1219 2537 1407 2619 augustiore

247 2637 447 2704 intellexisse
471 2635 606 2700 videtur.
650 2635 699 2699 Ac
720 2655 761 2700 ne
784 2641 894 2700 auctor
918 2635 1048 2718 quidem
1071 2636 1114 2702 ad
1137 2637 1333 2703 Herennium
1352 2642 1408 2714 (cf.

247 2741 484 2808 Volkmannum
501 2737 608 2802 Rhea?
622 2757 652 2820 p.
673 2740 723 2813 11)
747 2739 832 2803 omni
857 2757 897 2802 ex
919 2744 1010 2820 parte
1034 2740 1200 2821 satisfacit,
1224 2741 1349 2806 simodo
1373 2745 1408 2808 in

247 2845 308 2912 hac
330 2862 364 2908 re
387 2841 606 2922 Hermagorae
629 2838 806 2904 doctrinam
828 2839 966 2905 reddere
989 2841 1090 2905 voluit
1098 2889 1106 2922 ,
1135 2861 1206 2906 oum
1230 2841 1309 2907 dicit
1332 2844 1407 2928 (12,
1481 2891 1482 2896 1

247 2945 449 2958 ,-..,.-.-.-.

245 2994 310 3032 num
329 2990 420 3030 vocem
438 2966 587 3039 πολιτικὴν
607 2972 645 3024 ita
663 2970 744 3024 liceat
760 2986 864 3039 urgere,
884 2977 914 3025 ut
931 2972 984 3026 hoc
1001 2972 1153 3028 testimonio
1174 2974 1225 3028 nisi
1243 2978 1408 3042 statuamus,

247 3061 319 3130 quod
343 3075 391 3130 per
417 3074 446 3113 se
470 3073 524 3111 non
549 3055 728 3124 improbabile
751 3060 807 3122 est,
832 3055 1014 3124 Hermagorae
1037 3057 1172 3110 interdum
1196 3073 1275 3114 voces
1293 3065 1361 3117 πολ.
1381 3068 1409 3116 et

247 3141 401 3220 ῥητορικὸς
418 3142 538 3196 eiusdem
556 3140 642 3194 fuisse
660 3140 812 3209 potestatis.
833 3141 867 3194 cf.
887 3141 959 3195 intra
976 3159 1003 3210 p.
1021 3147 1078 3196 165.

334 3235 358 3294 1)
377 3229 417 3283 Cf.
433 3228 585 3281 Volkmann
604 3225 707 3289 [Rhet.‘²
719 3243 746 3295 p.
762 3230 812 3292 13),
830 3226 936 3280 Striller
953 3228 980 3290 (l.
993 3227 1011 3281 1.
1025 3244 1052 3295 p.
1068 3232 1109 3292 19)
1128 3243 1189 3282 cum
1208 3234 1288 3282 cauta
1306 3229 1409 3284 Thielii

245 3317 417 3373 restrictione
434 3313 570 3380 (Hermag.
590 3329 617 3380 p.
633 3315 679 3366 113
690 3316 749 3380 sq).

331 3405 356 3467 2)
375 3399 465 3454 Verba
479 3399 636 3452 moribus
654 3413 693 3452 ac
713 3397 848 3466 legibus
866 3403 973 3452 exstant
986 3397 1068 3452 etiam
1081 3397 1151 3453 rhet.
1169 3397 1407 3468 adHeren.12,2

245 3491 273 3542 et
286 3487 370 3541 verba
385 3482 418 3540 ἐκ
436 3487 494 3540 τῶν
506 3524 513 3538 .
526 3523 533 3538 .
547 3478 646 3552 νόμων
662 3478 770 3554 liddon
788 3483 901 3551 praebet
918 3483 1043 3550 Hermog.
1062 3501 1090 3538 π.
1105 3501 1186 3538 crau.
1203 3488 1214 3536 1
1235 3482 1292 3552 (Sp.
1305 3481 1333 3536 Π
1348 3489 1407 3550 133,

249 3576 286 3626 11.
298 3571 342 3624 W.
352 3569 393 3623 111
404 3573 437 3635 1),
456 3569 521 3624 Veri
539 3568 622 3635 igitur
634 3568 798 3621 simillimum
810 3573 851 3621 est
869 3566 1078 3634 Hermagoream
1090 3582 1151 3622 esse
1160 3568 1231 3622 hanc
1243 3569 1407 3625 doctrinam.

332 3660 357 3720 3)
375 3654 568 3722 Quintilianum
581 3653 660 3717 enim,
679 3653 702 3707 si
720 3658 848 3706 accurate
860 3653 976 3720 perlego,
995 3667 1064 3720 quae
1077 3658 1185 3706 exstant
1197 3653 1225 3706 II
1239 3657 1279 3716 15,
1295 3658 1325 3708 15
1335 3669 1407 3723 sqq,

245 3758 299 3796 non
316 3745 383 3810 puto
395 3755 462 3794 voce
481 3735 589 3810 ζήτημα
602 3738 661 3792 sola
678 3737 810 3792 offensum
827 3752 895 3802 esse,
914 3737 986 3806 quod
1003 3752 1163 3806 persuasum
1181 3737 1282 3792 babere
1299 3739 1408 3794 videtur

246 3826 432 3881 Volkmannus
450 3825 554 3890 tilher.²
570 3839 597 3892 p.
613 3828 668 3888 13),
692 3823 739 3897 sed
763 3823 805 3876 vel
829 3823 914 3889 magis
939 3837 1005 3876 voce
1028 3817 1177 3887 πολιτικὸς
1198 3837 1247 3877 scu
1271 3823 1406 3892 civilis;

246 3911 281 3967 cf.
300 3927 400 3981 quaeso
420 3912 514 3965 verba:
531 3904 586 3964 ‘res
606 3925 698 3963 omnes
718 3939 748 3946 —
769 3908 841 3962 circa
859 3907 986 3962 civiles
1005 3903 1098 3962 modo'
1119 3909 1145 3975 (ξ
1161 3913 1200 3972 15)
1219 3914 1246 3962 et
1259 3901 1318 3976 ‘qui
1332 3910 1407 3964 circa

245 3997 367 4052 civiles
385 3996 490 4051 demum
504 3995 677 4066 quaestiones
690 3986 751 4048 etc'
767 3993 859 4059 1ξ10);
879 4007 911 4046 ac
924 4007 958 4047 ue
970 3991 990 4046 ii
1002 3992 1109 4062 quidem
1122 3992 1208 4048 Fabio
1221 3993 1406 4060 satisfaciunt,

245 4083 291 4151 qui
308 4098 399 4138 vocem
419 4078 527 4154 ζήτημα
546 4096 601 4134 nou
619 4079 809 4134 adhibuerunt.
