2990 4886
262 321 305 376 De
322 321 463 376 notionum
481 325 627 376 πολιτικας
645 324 673 374 et
690 315 828 392 σοφιστὴς
846 335 898 375 usu
915 319 1061 375 rhetorico.
1180 318 1240 377 165

173 495 348 580 Dionysius
376 494 474 577 igitur
501 494 624 578 recepit
652 493 753 560 verba
778 487 843 557 ‘ta
871 492 1078 576 notun-api
1108 489 1242 577 πράγ-

89 593 217 677 μοτί,
249 597 370 662 evitata
399 595 552 661 videlieet
580 596 638 662 ilia
660 596 749 661 vocis
773 592 899 680 ζήτημα
922 595 1115 679 offensione,
1145 615 1242 678 quam

89 701 202 766 merito
232 697 458 784 reprehensam
489 717 560 764 esse
593 699 626 762 iu
656 697 875 781 Hermagorae
909 697 1110 782 definitione,
1144 698 1241 783 fonte,

90 807 241 884 quantum
263 799 423 880 videmus,
447 801 588 866 omnium
611 801 832 883 posteriorum,
855 821 953 884 supra
975 801 1162 866 monuimus.
1187 801 1242 866 At·

90 923 150 986 que
179 909 331 986 quantum
361 922 419 968 nos
443 901 633 980 Quintiliani
661 903 851 968 testimoniis
875 902 937 968 nisi
959 903 1093 984 scimus,
1122 903 1242 984 primus

91 1005 385 1072 Halicarnassensis
422 1023 535 1071 vocem
565 995 767 1089 ‘upuppae'
807 1005 952 1088 posuisse
988 1004 1148 1088 putandus
1184 1010 1241 1084 est,

91 1126 286 1190 quamquam
311 1107 447 1173 sortasse
475 1105 590 1172 eodem
619 1107 687 1172 fere
714 1111 857 1190 tempore
880 1105 1113 1188 Hermagoram
1136 1125 1242 1171 emen·

90 1209 221 1275 daturus
245 1207 437 1274 Theodorus
460 1207 627 1274 Gadareus
650 1208 746 1273 dixit:
777 1201 822 1272 ‘in
846 1208 981 1273 materia
1003 1198 1105 1273 civili'
1133 1205 1243 1285 (Quiu-

88 1311 341 1394 tit.inst.1115,
362 1313 431 1392 21),
462 1311 483 1375 i.
500 1330 539 1394 0.,
562 1311 595 1375 ni
618 1310 725 1394 fallor,
757 1307 790 1374 ἐν
812 1301 871 1395 dap
895 1309 1063 1394 πολιτικῇ.
1107 1308 1172 1376 Sed
1195 1316 1242 1374 ut·

87 1431 225 1496 cumque
246 1412 327 1479 haee
348 1433 411 1494 res,
435 1432 517 1495 quae
539 1432 602 1478 non
625 1413 733 1495 magui
756 1420 804 1479 est
826 1413 996 1496 momenti,
1019 1431 1054 1479 se
1078 1410 1185 1494 habet,
1209 1411 1244 1477 id

88 1515 219 1599 quidem
244 1519 367 1580 constat
395 1534 507 1580 vocem
537 1509 712 1598 πολιτικὸς
739 1513 827 1598 apud
849 1515 1041 1598 Dionysium
1064 1533 1129 1580 non
1151 1514 1245 1580 aliter

65 1637 160 1684 ‘esse
184 1615 434 1700 intellegendam
449 1622 546 1698 atque
569 1616 656 1699 apud
671 1616 939 1698 Hermagoramh.
976 1617 1046 1682 Neo
1060 1635 1134 1698 nou,
1157 1615 1244 1698 qaod

87 1721 140 1786 vel
157 1739 230 1785 mea
245 1727 359 1802 sponte
376 1718 604 1794 contenderim,
626 1717 769 1783 firmatur
790 1717 1036 1785 scholiastarum
1059 1717 1168 1784 choro.
1205 1717 1244 1783 Id

87 1821 173 1888 euim
192 1841 301 1888 omnes
318 1821 519 1888 consentiunt
533 1820 642 1886 verbis
658 1815 692 1883 ἐν
704 1819 869 1904 πολιτικῷ
892 1818 1065 1905 πράγματι
1086 1821 1244 1906 appositis

87 1924 269 1990 rhetoricae
285 1925 453 1989 materiam
469 1923 594 1990 secerni
609 1943 629 1986 a
644 1923 780 1987 materia
795 1942 851 1988 seu
875 1922 1064 2006 medicinae,
1087 1943 1144 1989 seu
1166 1943 1242 2006 geo·

86 2026 234 2108 metriae,
257 2044 314 2092 seu
336 2027 574 2108 grammaticae,
597 2044 654 2092 seu
677 2024 867 2090 dialecticae
891 2025 942 2103 (cf.
958 2025 1008 2090 W.
1024 2025 1069 2091 VI
1088 2027 1135 2108 18,
1152 2029 1181 2092 4.
1197 2025 1243 2092 IV

89 2131 139 2211 25,
164 2130 216 2192 27.
234 2128 293 2193 v11
312 2131 360 2212 15,
380 2131 428 2192 14.
444 2127 473 2192 v
491 2131 539 2209 17,
557 2131 607 2192 uu.
624 2128 671 2192 111
688 2129 759 2210 rou,
778 2130 808 2204 a)
820 2131 853 2205 ²).

174 2231 288 2312 Itaque
306 2229 411 2312 dictis,
436 2249 518 2312 quae
541 2229 581 2296 de
597 2230 891 2297 Halicarnassensis
915 2230 1033 2296 celebri
1057 2229 1242 2297 defiuitione

87 2332 229 2401 dicenda
250 2338 355 2416 erant,
385 2333 418 2397 in
447 2333 562 2399 ceteris
585 2332 746 2415 quomodo
770 2333 944 2416 Dionysius
966 2353 1046 2399 uoce
1068 2329 1243 2408 πολιτικὸς

87 2437 129 2502 de
158 2433 327 2500 rhetoricis
355 2435 486 2513 reboat)
516 2439 622 2500 utatur
645 2434 819 2501 videndum
843 2442 900 2502 est.
944 2435 992 2502 Ac
1014 2435 1150 2519 primum
1174 2437 1242 2518 qui·

88 2539 180 2622 dem,
203 2555 244 2602 ue
267 2537 435 2603 coniuncta
458 2536 693 2622 discerpamus,
724 2537 805 2603 illud
827 2537 1020 2604 mouendum
1043 2559 1106 2604 uno
1129 2539 1243 2605 saltem

87 2643 160 2708 loeo
185 2657 298 2705 vocem
322 2635 495 2714 πολιτικὸς
518 2639 564 2705 ita
585 2639 666 2722 legi,
689 2646 724 2704 ut
746 2639 832 2705 idem
855 2641 973 2720 valeat,
997 2647 1093 2724 atque
1118 2639 1242 2730 ῥητο-

178 2811 202 2870 1)
221 2806 280 2859 Ηοο
297 2819 389 2858 verum
407 2805 485 2870 duco,
507 2819 669 2874 quamquam
689 2807 721 2859 G.
740 2807 865 2871 Ammon,
884 2807 917 2860 de
934 2807 1015 2862 Dion.
1034 2807 1096 2861 Hal.
1114 2809 1243 2862 librorum

88 2893 288 2948 rhetoricorum
300 2889 421 2944 fontibus
436 2894 500 2944 1889
514 2907 541 2958 p.
552 2896 575 2955 5,
587 2892 648 2960 ipsa
660 2906 700 2956 ea,
714 2907 793 2960 quam
805 2892 911 2946 termini
923 2895 1073 2947 πολιτικοῦ
1083 2887 1243 2961 ζητήματος

88 2980 122 3034 ab
148 2977 316 3042 Hermagora
341 2975 454 3029 adhibiti
476 2975 611 3040 dedimus,
634 2976 857 3044 interpretatione
879 2977 907 3029 in
932 2976 1042 3030 dubium
1060 2983 1157 3030 vocata
1174 2979 1242 3032 haec

88 3063 179 3117 addit:
199 3055 335 3130 ‘Dionysii
353 3061 436 3115 verba
454 3061 545 3128 utique
562 3060 767 3129 interpretanda
785 3064 852 3130 puto
871 3064 899 3115 et
916 3075 949 3116 ex
967 3061 1027 3116 aliis
1044 3061 1126 3129 iocis,
1145 3063 1242 3130 quihus

87 3148 207 3215 usurpat
224 3145 385 3201 vocabulum
403 3140 553 3202 motastada
564 3146 679 3202 —velut
697 3145 730 3202 de
742 3163 829 3216 comp.
842 3163 869 3216 p.
883 3150 915 3201 12
928 3152 956 3202 et
970 3151 1018 3202 136
1031 3146 1094 3201 Seh.
1113 3177 1146 3185 —
1165 3151 1192 3201 et
1210 3163 1244 3202 ex

89 3231 248 3286 definitione
273 3231 340 3286 artis
365 3231 500 3286 oratoriae
519 3231 656 3286 Cornificii
679 3248 763 3302 supra
785 3233 881 3296 allata,
905 3233 949 3286 eui
968 3231 1101 3287 simillima
1119 3237 1160 3286 est
1175 3233 1242 3286 Dio-

88 3319 218 3387 nysiana:
239 3310 321 3385 ‘quae
338 3332 382 3372 res
400 3317 435 3370 ad
452 3333 531 3371 usum
555 3317 658 3372 civilem
676 3319 797 3372 moribus
815 3333 848 3372 ac
865 3319 969 3386 legibus
988 3317 1153 3372 constitutae
1171 3310 1243 3372 suut'

88 3431 121 3450 =
140 3398 298 3474 πράγματα
316 3396 466 3460 πολιτικά.)
502 3401 543 3458 Cf.
557 3419 639 3471 supra
657 3420 683 3472 p.
701 3407 756 3457 102.

177 3493 203 3554 2)
220 3487 333 3554 Propter
350 3488 418 3542 haec
436 3489 519 3542 verba
536 3487 565 3542 in
582 3487 738 3543 defiuitione
756 3488 855 3542 omissa
867 3487 1071 3556 reprehenditur
1084 3487 1243 3542 Aristoteles

88 3575 132 3628 W.
145 3573 188 3628 111
201 3577 294 3638 611,1,
313 3571 340 3625 11
354 3577 410 3637 102,
427 3579 456 3628 15
476 3573 611 3642 (Doxop.).
624 3574 661 3628 VI
676 3578 715 3640 11,
732 3579 753 3628 1.
791 3573 888 3628 Ultimo
907 3573 967 3627 loco
986 3572 1058 3640 quod
1076 3571 1244 3626 desideratur

88 3675 142 3714 rox
157 3653 347 3724 “διεξοδικο1ς’,
365 3658 574 3726 intellegendum
586 3673 618 3712 ex
632 3659 778 3714 stoicorum
797 3658 921 3714 doctrina
938 3657 1038 3711 tradita
1051 3671 1067 3710 a
1080 3655 1161 3711 Sexto
1174 3672 1245 3726 emp.

89 3744 127 3797 VI
146 3760 173 3812 p.
193 3747 259 3810 615,
278 3757 392 3812 quorum
411 3742 446 3798 of.
466 3743 510 3797 W.
530 3743 646 3810 111610,
666 3747 692 3796 21
716 3746 743 3798 et
761 3743 848 3798 Nicol.
867 3743 944 3812 soph.
965 3741 1010 3810 Sp.
1030 3741 1071 3794 111
1090 3745 1149 3807 418,
1168 3745 1200 3794 20
1218 3745 1246 3795 et

88 3829 170 3897 Diog.
189 3827 279 3882 Laert.
298 3827 351 3882 VII
363 3831 404 3882 42.

178 3917 204 3979 3)
221 3911 283 3967 Non
301 3913 437 3968 rhetorice
449 3917 598 3983 usurpatur
615 3913 658 3968 his
676 3913 758 3968 locis:
777 3930 803 3984 p.
818 3918 877 3979 450,
892 3915 1015 3979 1.814,“3
1030 3931 1058 3968 τι.
1078 3913 1246 3982 φιλοσοφία.

90 4005 151 4066 543,
173 4003 203 4054 12
222 4017 251 4054 π.
270 3993 384 4069 δύναμις
401 3999 454 4054 iac.
473 3998 701 4054 administrandae
719 3998 785 4067 reip.
805 3998 891 4063 (aliter
909 4015 936 4067 p.
950 4002 1008 4064 855,
1030 4002 1080 4061 rut.
1105 4000 1164 4062 544,
1183 4000 1198 4050 6
1217 4016 1246 4052 π.
1359 4059 1362 4068 ,

88 4077 304 4157 καλοκάγαθία.
323 4087 380 4151 938,
394 4088 408 4136 2
422 4103 450 4139 π.
466 4080 561 4155 ὄχλος.
587 4103 615 4140 π.
628 4104 687 4153 μιμ.
701 4083 765 4152 epit.
777 4083 805 4137 11
816 4087 830 4138 8
843 4083 899 4149 (Us.
910 4099 936 4153 p.
948 4086 989 4148 20,
1003 4086 1045 4150 20)
1058 4101 1086 4138 π.
1100 4079 1245 4152 ποιήματα
