3004 4886
269 303 311 358 De
327 304 467 360 notionum
485 300 632 372 πολιτικὸς
650 310 676 360 51
695 305 833 378 σοφιστὴς
849 323 902 362 111
919 308 1064 365 rhetorico.
1186 312 1247 368 225

89 473 257 558 φιστικόν
278 479 371 560 γένος
394 477 648 561 (epidicticorum
681 486 841 546 oratorum
868 500 968 563 genus
990 502 1021 564 p.
1037 485 1110 564 214,
1129 485 1185 564 20;
1211 485 1249 550 cf.

90 597 197 661 supra
218 599 250 662 p.
267 581 329 643 220
352 579 426 645 adn.
446 582 486 656 3).
532 581 614 647 Tum
636 601 713 647 vero
736 583 926 666 simpliciter
947 590 1051 667 notat,
1075 584 1179 666 quod
1201 585 1250 651 ad

89 679 348 763 epidicticas
375 683 582 748 orationes
611 684 811 768 pertinet,
840 685 897 750 vix
919 685 985 750 ullo
1007 685 1103 751 modo
1130 684 1248 752 discre-

89 801 180 863 pans
213 801 233 846 a
263 783 296 846 vi
330 781 483 849 adiectivi
518 780 755 860 ἐιτιδεικτικόςε
788 786 878 851 15111
911 785 1099 869 saepissime
1133 788 1250 870 legitur

89 874 112 965 ἡ
142 879 321 965 σοφιστικὴ
345 883 511 970 ῥητορική,
533 885 554 950 i.
576 905 604 950 e.
628 906 667 952 55
688 906 763 970 pars
786 885 975 968 rhetoricae,
999 907 1081 970 quae
1105 893 1249 954 versatur

90 984 129 1047 in
162 985 392 1069 componendis
420 988 659 1054 laudationibus
689 995 721 1054 51
743 989 1032 1074 vituperationibus
1061 990 1248 1056 15111111·

91 1085 173 1151 dem
203 1105 246 1151 ex
272 1092 415 1170 tempore
445 1089 600 1172 dicendis,
630 1091 767 1156 fortasse
790 1091 887 1156 etiam
910 1109 1057 1156 verarum
1080 1110 1249 1156 causarum

90 1187 329 1254 imitationibus
353 1189 403 1267 (cf.
427 1209 524 1272 supra
543 1211 574 1274 p.
597 1194 682 1275 221),
706 1192 740 1257 id
762 1192 848 1276 quod
874 1198 1002 1276 practer
1023 1191 1105 1257 alios
1129 1189 1179 1256 his
1201 1192 1247 1255 in·

89 1289 226 1354 venitur
252 1289 347 1356 locis:
376 1311 409 1374 p.
428 1293 477 1374 12,
502 1296 550 1357 13.
566 1295 617 1376 98,
642 1297 690 1357 14.
710 1297 779 1377 120,
805 1299 852 1359 11.
871 1296 941 1375 122,
965 1297 1015 1359 30.
1032 1295 1140 1374 245,7
1167 1292 1244 1368 (dis-

90 1391 241 1472 iungitur
269 1391 390 1474 apellis
419 1388 571 1480 761111εὴ
595 1391 751 1480 πολιτικὴ
779 1402 812 1461 ei
835 1389 852 1479 ἡ
878 1390 1056 1478 σοφιστικὴ
1080 1415 1112 1477 p.
1129 1398 1179 1478 50,
1196 1397 1247 1460 26.

91 1495 150 1575 53,
167 1495 218 1556 26.
240 1495 315 1576 245;
329 1498 357 1559 7.
381 1497 453 1578 283,
471 1499 511 1573 3).
562 1497 667 1562 Etiam
696 1498 837 1563 crebrior
865 1497 893 1562 is
922 1515 998 1561 usus
1028 1501 1077 1561 511
1106 1495 1246 1577 dicendi,

90 1614 161 1676 quo
192 1596 310 1661 omisso
342 1597 542 1665 substantivo
576 1594 729 1685 ῥητορικὴ
760 1599 864 1664 solum
893 1597 1090 1662 adiectivum
1119 1599 1248 1680 ponitur

89 1692 111 1780 ἡ
140 1695 335 1781 σοφιστική,
359 1698 472 1764 eadem
496 1701 529 1764 vi
552 1700 742 1782 praeditum,
766 1700 855 1764 velut
869 1719 900 1782 p.
918 1702 969 1779 47,
985 1701 1036 1762 25.
1054 1701 1103 1764 32.
1129 1703 1246 1782 30,17.
1298 1685 1323 1731 ·.

91 1801 148 1879 39,
166 1803 217 1864 31.
234 1802 285 1882 42,
305 1801 351 1864 14.
369 1803 419 1884 50,
438 1802 487 1865 30.
505 1806 556 1883 51,
576 1804 623 1865 18.
643 1806 692 1883 77,
715 1805 759 1865 14.
776 1803 827 1865 29.
878 1801 980 1866 Paulo
1008 1801 1102 1866 511151
1128 1801 1246 1867 1551115

89 1893 112 1984 ἡ
145 1897 327 1988 σοφιστικὴ
357 1921 388 1984 p.
405 1903 455 1984 45,
473 1908 502 1967 5.
527 1905 664 1984 13141.
690 1906 738 1985 15,
756 1907 784 1966 5.
808 1907 859 1984 41,
876 1907 905 1966 1.
928 1904 979 1984 41,
998 1905 1046 1966 ro.
1073 1905 1124 1966 no.
1149 1905 1200 1984 ao,
1216 1905 1245 1966 a.

90 2009 222 2088 57,14.
255 2008 306 2090 68,
333 2007 384 2070 22.
413 2007 484 2088 137,
511 2007 562 2086 36,
597 2005 652 2069 nbi
691 2006 839 2089 suppleto
872 2004 979 2086 potius
993 2007 1012 2081 ¹)
1046 2003 1245 2069 substantivo

88 2113 214 2194 τέχνη
252 2109 423 2191 disciplina
449 2107 682 2191 sophistarum,
716 2126 799 2189 quae
828 2113 877 2173 est
907 2107 948 2172 de
977 2104 1158 2189 epidicticis
1186 2126 1246 2172 nec

89 2233 159 2278 non
190 2211 341 2276 civilibus
369 2211 582 2291 orationihus,
611 2208 829 2292 intellegenda
856 2218 913 2273 est.
959 2207 1081 2272 Eadem
1112 2209 1245 2290 ratione,

90 2333 160 2396 qua
182 2313 299 2378 dicitur
321 2303 341 2396 ἡ
367 2307 544 2395 tropaeum}
570 2308 734 2396 ῥητορική,
758 2308 1031 2394 interpretandum
1056 2304 1163 2374 51111)
1188 2329 1245 2371 uo-

90 2411 253 2502 φιστικὸν
281 2415 375 2496 γένος
403 2410 508 2494 λόγων
541 2433 573 2495 p.
601 2414 672 2490 222,
698 2416 715 2474 7
749 2413 819 2478 sivc
851 2407 888 2474 cd
925 2405 1123 2494 σοφιστικὸν
1156 2403 1245 2484 εἶδος

89 2540 122 2602 p.
142 2520 216 2599 222,
232 2519 284 2599 20,
311 2516 332 2579 1.
356 2534 383 2579 5.
407 2514 614 2597 epidicticum
636 2533 737 2596 genus
760 2514 949 2594 orationum,
973 2518 1005 2576 51
1025 2507 1064 2574 τὸ
1088 2531 1245 2596 σοφιστι-

88 2617 151 2684 κὸν
174 2620 274 2700 μέρος
297 2620 353 2693 (15.
375 2617 433 2700 τῆς
456 2614 653 2701 ῥητορικῆς),
680 2614 710 2678 h.
735 2635 762 2680 e.
787 2613 994 2698 epidicticum
1016 2633 1117 2697 genus
1140 2613 1244 2680 rheto-

88 2724 191 2803 ricae,
221 2741 252 2804 p.
272 2721 324 2799 90,
341 2721 391 2783 33.
442 2717 515 2782 Non
542 2718 651 2783 inveni
679 2715 767 2799 apud
796 2714 1022 2780 Philodemum
1051 2717 1244 2782 locutionem

89 2818 292 2906 σοφιστικὸς
315 2817 421 2905 λόγος,
444 2819 478 2885 id
494 2818 581 2902 quod
599 2819 688 2884 casui
704 2819 818 2883 tribuo.
866 2812 916 2879 Τὰ
933 2813 1113 2898 σοφιστικὰ
1132 2815 1244 2880 πάντα

88 2923 293 3006 ἐξευρίσκειν
322 2923 526 3005 (disiungitur
547 2917 589 2982 τὰ
612 2913 781 3002 πολιτικὰ,
812 2919 850 2984 cf.
872 2938 969 3002 supra
983 2938 1014 3001 p.
1033 2922 1106 2990 157)
1128 2920 1245 3001 legitur

86 3048 122 3111 p.
141 3028 214 3109 210,
227 3030 257 3108 5,
280 3027 300 3090 i.
324 3045 352 3092 5.
377 3044 417 3091 ea
438 3025 561 3106 omnia,
592 3042 673 3106 quae
700 3024 733 3088 in
762 3021 1000 3087 laudationibus
1030 3027 1062 3086 51
1084 3020 1243 3103 vitupera-

87 3129 234 3195 tionibus
256 3127 298 3194 de
321 3145 511 3208 unaquaque
540 3145 575 3190 re
604 3124 742 3189 inveniri
765 3131 797 3188 51
819 3123 883 3188 dici
911 3129 1052 3205 possunt.
1072 3187 1073 3190 ,
1097 3123 1244 3206 Denique

87 3230 228 3296 verbum
251 3224 568 3314 comtoucdccvl)
591 3232 697 3291 exstat
717 3245 750 3308 p.
767 3227 838 3307 223,
860 3229 912 3288 ll:
941 3219 983 3286 τὰ
1007 3221 1162 3309 ῥητορικὰ
1186 3246 1244 3289 55-

88 3327 282 3418 φιστεὺειν,
314 3333 335 3396 1.
366 3350 394 3396 5.
427 3329 607 3395 rhetoricae
640 3326 854 3409 sophistarum
886 3326 918 3389 in
951 3325 1080 3392 modum
1115 3326 1243 3393 studere

87 3454 149 3500 151
173 3432 361 3515 simpliciter
383 3429 589 3514 epidicticum
612 3427 790 3493 rhetoricae
812 3445 913 3507 genus
936 3427 1098 3510 amplecti,
1121 3448 1152 3511 p.
1171 3431 1242 3513 320,

181 3639 205 3700 1)
223 3631 304 3686 Potes
321 3645 384 3685 vero
403 3629 461 3683 iure
473 3630 516 3683 vel
528 3628 572 3683 hic
585 3628 732 3682 subaudire
743 3640 835 3681 vocem
853 3616 1041 3699 ῥητορική,
1059 3627 1159 3696 quippo
1175 3643 1245 3698 quae

87 3719 245 3776 technicam
261 3715 456 3771 iustitutionem
473 3729 528 3768 una
546 3714 693 3768 contineat.

178 3807 204 3868 2)
222 3802 284 3857 Non
300 3800 444 3866 iuvenitur,
462 3806 493 3854 ut
510 3816 544 3854 ex
561 3800 677 3866 silentio,
700 3798 772 3867 quod
789 3799 817 3851 in
834 3798 924 3867 priore
941 3802 1018 3866 parte
1035 3796 1244 3862 observavimus,

88 3890 216 3958 colligere
234 3895 352 3956 poteras,
370 3888 480 3942 verbum
494 3887 558 3940 huic
575 3885 743 3954 respondeus
761 3877 969 3939 πολιτεύειν
985 3881 1026 3936 151
1043 3879 1244 3940 meinrard-

89 3979 211 4039 εσθαι,
233 3971 306 4042 quod
323 3987 358 4025 nc
376 3970 450 4039 apud
468 3970 606 4025 Pollucem
625 3969 731 4039 quidem
749 3973 877 4024 exaratur
894 3967 932 4020 IV
954 3970 993 4022 16.
1014 3971 1053 4022 17.
1089 3967 1245 4022 Ρ15151111

86 4061 180 4130 igitur,
198 4073 267 4128 qnae
285 4056 406 4125 egregins
425 4055 571 4124 Phrynichi
589 4057 784 4111 commentator
800 4052 954 4108 Lobeclrius
972 4051 1038 4106 dicit
1055 4068 1082 4120 p.
1097 4056 1155 4107 764.

140 4151 255 4208 lsrpngor
267 4150 368 4195 Studien
393 4149 446 4193 XV.
767 4183 769 4187 .
1058 4141 1090 4190 15
