2990 4886
252 320 314 378 166
664 319 777 375 Carolus
794 318 1002 374 Broudstuetter

250 491 385 578 ρικός,
416 493 517 560 tribus
546 494 611 560 illis
639 493 811 576 generibus
840 490 1098 576 comprehensis,
1130 491 1203 560 dico
1231 513 1263 577 p.
1285 494 1358 576 488,
1376 497 1413 557 3:

250 593 316 678 ἐρῶ
345 597 401 660 νῦν
429 595 485 660 καὶ
511 595 591 678 περὶ
619 595 678 658 τοῦ
707 597 821 678 γένους
845 596 913 658 τιῦν
938 587 1267 681 ἇμφισβητημότων,
1300 591 1335 658 ἐν
1359 591 1413 670 οἷς

250 696 322 762 ἐστι
349 695 569 782 θεωρήμασιν
597 691 617 784 ἡ
649 694 846 780 πολιτικὴ
876 699 1006 783 τέχνη.
1050 699 1144 782 τριχγ
1168 695 1203 762 δὲ
1230 701 1413 782 νενεμημέ-

250 824 308 865 νου
338 801 397 864 τοῦ
427 798 649 886 ῥητορικοῦ
678 796 801 883 λόγου
831 799 886 864 καὶ
917 802 995 884 τρία
1021 796 1170 886 διάφορα
1199 811 1271 875 τοῖς
1298 800 1409 864 τέλεσι

251 899 512 988 περιειληφότος
532 903 608 988 γένη
631 901 711 980 κτλ,
735 902 790 968 ubi
813 903 870 967 vix
892 909 999 986 potest
1020 902 1176 985 dubitari,
1200 903 1277 986 quin
1298 897 1318 988 ἡ
1343 927 1411 965 πο-

252 1001 357 1091 λιτικὴ
387 1008 482 1090 τέχνη
511 1011 544 1070 et
574 997 591 1067 ό
622 999 795 1090 ῥητορικὸς
822 1001 919 1087 λόγος
941 1004 1027 1070 idem
1051 1005 1113 1070 sibi
1136 1005 1247 1070 velint.
1291 1005 1410 1088 Neque

250 1108 436 1173 aberremus
458 1107 593 1172 fortusse
616 1127 637 1171 a
659 1125 746 1190 vero,
773 1107 802 1172 si
823 1107 901 1172 item
924 1105 1007 1172 hauc
1025 1126 1138 1173 vocem
1161 1107 1412 1188 interpretamur

251 1211 283 1274 in
312 1210 394 1275 libro
423 1209 464 1275 de
494 1209 586 1274 Dem.
603 1229 635 1292 p.
654 1211 746 1292 1125,
772 1213 825 1274 11:
855 1199 931 1272 ἄλλ’
967 1205 1024 1272 ἐπὶ
1054 1204 1092 1272 τὸ
1123 1206 1322 1291 σεμνότερον
1351 1209 1409 1272 καὶ

251 1308 512 1397 ποιητικώτερον
542 1301 724 1391 ἐκβιβάζειν
752 1306 811 1394 τὴν
835 1300 1020 1391 ὀνομασίαν
1043 1305 1136 1393 παρὰ
1159 1310 1218 1395 τῆς
1240 1310 1410 1374 πολιτι-

249 1419 320 1497 κῆς
356 1410 569 1494 δυνάμεως
603 1409 751 1493 μάλιστα
785 1403 1040 1493 ἀπαιτοῦμενῑ),
1076 1433 1135 1494 pro
1164 1413 1280 1496 quibus
1309 1411 1411 1479 habet

250 1517 393 1599 p.1123‚
413 1518 450 1578 10
473 1510 511 1578 τὸ
539 1512 732 1578 ποιεῖντὸν
756 1505 922 1598 ἀκροατὴν
946 1504 1111 1600 αὐστηρόν
1134 1565 1142 1578 .
1167 1561 1174 1576 .
1199 1564 1207 1578 .
1230 1510 1326 1596 παρὰ
1349 1515 1410 1599 τῆς

251 1616 425 1702 ῥητορικῆς
448 1603 659 1699 corepiscopi}
689 1613 792 1697 μόνον
820 1604 840 1701 ἢ
869 1613 1016 1697 μάλιστα
1046 1608 1270 1700 ἀπαιτοῦμεν,
1300 1637 1410 1700 neque

250 1721 345 1786 aliter
372 1719 405 1784 in
434 1738 484 1802 ep.
507 1719 549 1786 ad
572 1719 685 1802 Pomp.
710 1740 736 1785 c.
758 1723 786 1800 1,
813 1721 850 1784 10
875 1719 1011 1795 (Usener
1028 1739 1059 1802 p.
1084 1722 1136 1800 40,
1160 1722 1228 1794 25t:
1258 1716 1407 1784 Πλάτων

250 1821 432 1905 βουληθεὶς
455 1818 697 1895 ἐπιδείξασθαι
719 1817 778 1906 τήν
803 1815 905 1885 αὑτοῦ
934 1818 1082 1902 δύναμιν,
1105 1816 1145 1904 ἣν
1168 1815 1253 1903 εἶχεν
1278 1819 1312 1886 ἓν
1335 1835 1408 1898 τοῖς

250 1923 438 1999 πολιτικοῖς
468 1921 609 2006 λόγοις.
634 1973 641 1987 .
666 1973 673 1987 .
698 1920 899 1998 συνετάξατο
924 1920 1023 2007 λόγον
1046 1919 1212 2002 ἐρωτικόν.
1257 1925 1342 1990 Nam
1375 1933 1408 1990 ut

249 2047 290 2093 ne
321 2027 566 2110 interpretemur
591 2019 717 2092 ‘civilis
746 2017 881 2109 orutio’,
911 2025 1028 2092 suadet
1056 2027 1204 2092 amatorii
1234 2026 1409 2112 epidictico

250 2134 377 2210 natura;
400 2135 436 2193 ut
450 2128 564 2194 latiore
580 2148 676 2194 sensu
691 2127 774 2194 hanc
790 2147 904 2194 vocem
926 2128 1181 2212 interpretemur,
1204 2128 1409 2195 commendat

250 2229 516 2314 philosophorum
540 2249 730 2305 sermonum,
754 2250 837 2313 quae
860 2230 1059 2313 subauditur,
1083 2231 1254 2314 oppositio.

336 2333 470 2398 Praeter
484 2331 544 2397 hos
559 2332 617 2397 vix
639 2332 721 2399 elius
743 2333 833 2399 locus
856 2331 951 2399 huius
973 2332 1091 2398 indolis
1112 2333 1199 2418 apud
1215 2333 1407 2416 Dionysium
1481 2417 1482 2422 ρ

251 2435 419 2502 exstiterit.
457 2434 539 2499 Nam
557 2435 657 2500 multo
673 2434 814 2500 crebrior
835 2434 863 2500 is
886 2439 935 2500 cst
956 2454 1042 2518 usus,
1066 2454 1129 2518 quo
1152 2431 1328 2510 πολιτικὸς
1351 2433 1409 2499 λό-

250 2536 620 2619 γοςτοεισστοττιὶσ,
644 2555 746 2618 quae
764 2537 1009 2602 verseturin
1025 2537 1207 2619 negotiis
1229 2537 1408 2620 publicis

250 2639 314 2705 vel
344 2637 561 2721 civilibus,
591 2638 612 2702 i.
629 2657 657 2703 e.
681 2637 871 2705 contionalis
899 2639 1001 2704 oratic
1031 2645 1063 2705 et
1091 2638 1262 2705 iudicialis.
1308 2639 1409 2707 Cuius
1480 2671 1481 2687 ν

250 2741 298 2806 rei
320 2738 516 2805 luculentum
538 2740 767 2822 testimonium,
789 2741 917 2824 longius
941 2759 1019 2806 vcro
1043 2760 1139 2823 quem
1161 2747 1196 2805 nt
1219 2739 1271 2806 hic
1294 2760 1407 2808 exare-

251 2845 311 2926 tur,
335 2848 384 2908 est
406 2842 437 2906 iu
453 2841 518 2908 iud.
535 2841 576 2907 de
592 2841 693 2908 Thuc.
709 2862 740 2926 p.
757 2845 829 2926 937,
848 2847 886 2906 14
903 2862 949 2926 sq.
967 2843 1127 2908 celicum
1150 2862 1181 2925 p.
1199 2845 1271 2926 938,
1290 2847 1330 2907 17
1347 2864 1407 2927 sq,
1479 2883 1480 2949 η

252 2945 307 3010 ubi
323 2943 437 3010 eadem
452 2943 634 3028 disiunctio,
659 2963 742 3026 quae
764 2944 872 3026 priore
895 2944 966 3010 loco
982 2942 1018 3008 fit
1040 2945 1122 3010 inter
1137 2945 1337 3012 contionales
1361 2947 1408 3011 iu-

252 3045 450 3128 dicialesque
487 3045 648 3111 erutiones
679 3051 711 3110 et
740 3064 812 3128 eas,
845 3064 928 3128 quae
955 3046 988 3110 in
1018 3047 1147 3128 privata
1175 3045 1408 3113 consuetudine
1478 3113 1479 3116 ,

251 3153 434 3228 versentur,
463 3146 641 3229 posteriore
668 3146 740 3212 ioco
769 3146 911 3213 breviter
938 3148 1093 3229 repetitur
1122 3148 1230 3214 verbis
1260 3140 1333 3212 οὔτ’
1360 3146 1409 3224 εἷς
1478 3125 1479 3211 λ

251 3244 330 3323 τοὺς
351 3243 546 3322 πολιτικοὺς
568 3239 699 3330 ἀγῶνας
722 3297 729 3311 .
754 3294 761 3308 .
785 3239 856 3311 οὔτ’
883 3243 1014 3323 εἰςτὰς
1036 3242 1171 3330 ὁμιλίας
1193 3245 1254 3324 τὰς
1277 3247 1408 3316 iciunu-
1477 3325 1478 3328 Ἴ

251 3347 345 3427 coifi)
368 3350 419 3427 (cf.
437 3347 569 3427 Quintil.
585 3350 678 3432 1114,
697 3354 735 3414 10
751 3350 887 3416 sorensis
908 3350 991 3415 ratio
1014 3386 1054 3395 -·
1076 3351 1320 3418 accommodata
1341 3355 1409 3438 pri·

251 3568 310 3623 scil.
334 3567 428 3622 Alcaei
453 3563 637 3625 ατασιωτικό.
662 3584 689 3637 p.
702 3572 764 3633 999,
786 3571 816 3622 12
836 3565 864 3624 oi
881 3586 911 3624 π.
929 3570 977 3624 καὶ
996 3560 1044 3624 ἀπ’
1063 3560 1174 3640 ἀγορᾶς
1192 3566 1293 3638 ἄνδρες
1310 3571 1356 3640 qui
1376 3589 1409 3625 ex

253 3651 378 3721 professo
401 3651 429 3706 in
447 3652 523 3721 publ.
542 3651 598 3706 vitu
615 3657 759 3707 versantur
787 3656 851 3717 641,
873 3657 903 3706 10
921 3647 956 3708 τὸ
976 3645 1118 3725 ἀγροῖκον
1135 3657 1183 3710 καὶ
1202 3650 1236 3712 τὸ
1257 3654 1409 3714 πολιτικὸν

252 3740 345 3805 σῶμα,
363 3735 399 3790 ct.
412 3736 484 3792 inire
495 3753 522 3806 p.
538 3740 595 3791 113.

340 3827 365 3888 1)
383 3821 429 3876 Sic
447 3821 619 3876 scribendum
630 3828 711 3892 puto,
730 3824 790 3877 cod.
803 3824 897 3879 Ambr.
911 3816 1110 3890 ἀπαιτοῦντες.
1124 3824 1213 3894 Spin:
1232 3819 1406 3885 «ἐπαιτεῖται.

252 3907 311 3976 Ego
330 3911 441 3964 secutus
459 3923 518 3962 sum
536 3909 697 3964 traditurum
715 3908 866 3964 litterarum
883 3911 995 3978 uestigia
1012 3916 1039 3964 et
1056 3911 1145 3966 locum
1164 3928 1190 3980 p.
1206 3915 1279 3978 1123,
1295 3919 1323 3966 11
1345 3930 1408 3968 mox

250 3992 426 4047 laudandum.

339 4080 365 4144 2)
383 4077 426 4130 Ex
444 4091 508 4134 vere
526 4075 624 4133 sedeci
643 4077 713 4135 ceni.
731 4093 783 4147 pro
800 4069 944 4152 βιωτικιῖς.
