3004 4886
279 312 321 366 De
339 311 478 367 notionum
496 307 645 377 πολιτικὸς
663 317 690 366 et
709 308 847 383 σοφιστὴς
864 325 916 366 uun
932 311 1080 368 rhetorico.
1202 311 1262 369 199

100 484 342 563 πολιτικαί,
366 485 443 551 illae
458 483 717 570 θεωρητικαὶ
734 484 953 568 appellantium
976 490 1049 551 sunt
1066 505 1144 551 vero
1159 483 1260 549 πολι-

101 587 210 652 τικαὶι
238 585 273 651 ui
295 584 420 670 πρᾶξιν
444 584 577 668 ἔχουσαι
600 583 702 650 πόλιν
726 588 941 668 συνέχουσαν,
965 605 1030 669 qua
1051 588 1084 652 in
1106 587 1259 671 interpre-

101 690 225 756 tatione
237 688 460 756 Theonianum
473 689 643 755 terminum
655 688 848 772 (πρακτικαὶ
861 690 909 765 u.)
922 694 955 754 et
965 687 1259 771 Hermogenianum

101 791 289 868 (πολιτικαὶ
317 794 370 869 θ.)
397 792 490 875 quasi
519 791 727 874 compilatum
756 790 858 857 vides.
909 789 1122 874 Hermogenis
1150 797 1258 858 autem

100 894 410 978 interpretationem,
433 912 517 976 quae
538 895 611 978 ipsa
633 912 761 977 quoqne
784 912 825 959 ex
845 893 1065 976 Hermagorae
1088 893 1260 977 disciplina

100 995 249 1079 profecta
271 1002 320 1062 est
339 999 382 1075 (v.
398 1016 430 1079 p.
449 996 532 1078 182),
554 995 653 1079 paulo
676 995 861 1062 obscuravit
882 993 1096 1078 Aphthonius,
1119 996 1196 1078 quia
1216 995 1259 1062 ud

100 1093 237 1172 πόλεως
257 1098 420 1164 notionem
442 1096 639 1163 adieetivum
661 1091 836 1171 πολιτικὸς
858 1096 954 1162 nimis
976 1102 1116 1164 revocat.

187 1199 394 1283 Euuapius
410 1199 442 1264 in
457 1199 525 1264 vitu
535 1198 705 1266 Iambliohi
722 1201 765 1282 (p.
779 1201 851 1280 461,
866 1201 885 1261 5
898 1197 948 1264 ed.
960 1197 1106 1266 Boisson.
1118 1219 1148 1264 a.
1164 1200 1257 1276 1878)

100 1301 142 1367 de
165 1321 204 1367 eo
228 1300 321 1368 dioit:
345 1297 458 1374 αἰτίας
473 1291 504 1362 δ’
524 1297 582 1364 ἐπὶ
603 1297 736 1374 τούτοις
750 1287 770 1386 ἢ
786 1297 978 1386 προφάσεις
1001 1293 1076 1364 οὔτε
1098 1297 1257 1386 πεφυκώς

101 1399 298 1487 ἐξηγεῖσθαι
313 1403 494 1478 πολιτικῶς
516 1395 592 1466 οὕτε
614 1399 848 1486 προελόμενος,
871 1397 929 1466 τὸν
943 1399 1057 1466 πάντα
1068 1405 1259 1489 χαρακτῆρα

101 1507 234 1586 συνέχεε
248 1506 308 1570 τοῦ
328 1509 406 1588 βίου
421 1496 688 1584 (τοῦἈλυπίου),
711 1505 767 1571 ubi
789 1503 970 1580 πολιτικῶς
992 1505 1140 1572 similiter
1161 1512 1259 1590 atque

101 1627 201 1692 supra
229 1607 316 1692 apud
345 1608 521 1692 Polybium
543 1629 574 1692 p.
597 1609 658 1672 159
688 1605 847 1690 signifieat
872 1600 1070 1691 ‘simplici
1099 1609 1258 1676 ratione

101 1729 206 1793 eaque
222 1731 285 1776 non
308 1716 374 1776 tam
389 1710 468 1776 artis
490 1715 523 1776 et
544 1708 758 1788 flosculorum,
781 1729 878 1792 quam
900 1729 1005 1776 rerum
1028 1709 1258 1776 narrandarum

101 1819 133 1877 et
161 1813 403 1896 perspicuitatis
430 1802 593 1879 studiosa.
645 1811 737 1878 Idem
765 1811 807 1877 de
835 1811 980 1877 Himerio
1009 1811 1088 1878 dicit
1120 1814 1163 1896 (p.
1186 1815 1258 1898 494,

101 1915 141 1976 42
164 1914 297 1989 Boissa)
326 1904 524 1990 adnotare
557 1907 640 2001 ἁνὴρ
669 1914 721 1992 (uf.
742 1934 766 1980 s.
788 1933 819 1997 p.
838 1917 899 1978 174
913 1912 987 1980 adn
1007 1916 1036 1990 1)
1066 1911 1174 1978 εἰπεῖν
1203 1917 1258 1980 καὶ

102 2019 386 2101 συνηρμοσμένος·
409 2013 558 2100 κρότον
582 2013 658 2080 δὲ’
641 2038 706 2096 εχει
728 2015 782 2080 καὶ
806 1999 902 2102 ἦχον
924 2009 944 2102 ἡ
968 2012 1116 2103 συνθιρκη
1139 2017 1259 2082 πολι

99 2115 232 2196 τικόν,
261 2123 319 2183 καί
346 2142 413 2183 που
443 2115 588 2194 σπάνιος
613 2118 668 2182 καὶ
699 2114 792 2203 παρὰ
814 2115 872 2182 τὸν
900 2120 998 2182 θεῖον
1016 2110 1259 2205 Ἀριστείὸρνῖ)

100 2216 248 2298 ἵσταται,
271 2221 292 2285 i.
309 2241 337 2287 e.
353 2219 453 2288 habet
474 2221 603 2287 talem
594 2241 627 2285 rn
643 2221 786 2286 oratione
801 2240 923 2301 sonum,
947 2222 1083 2304 qualis
1074 2242 1107 2286 m
1121 2241 1258 2288 nervoso

101 2331 133 2388 et
147 2324 249 2406 civili,
272 2344 335 2389 non
351 2325 384 2388 in
407 2322 584 2409 sophistico
599 2323 653 2389 vel
676 2322 849 2406 epidictico
871 2341 990 2406 genere
1012 2331 1070 2404 est,
1094 2325 1257 2390 virilem

101 2424 174 2492 dieo
198 2445 239 2491 ao
260 2425 412 2492 fortem.

188 2526 382 2610 Synesius
404 2530 438 2594 in
460 2528 590 2594 Dione
612 2530 656 2612 (p.
673 2529 713 2593 39
725 2527 773 2604 Ρ.)
796 2526 952 2610 disiungit
973 2522 1034 2602 τὰς
1057 2547 1258 2612 σοφιστι-

101 2623 175 2704 κὰς
199 2621 434 2704 ὑποθέσεις
456 2638 489 2696 et
510 2625 583 2704 τὰς
605 2625 847 2710 πολιτικάς,
871 2628 926 2694 ubi
948 2628 1120 2692 πολιτικαὶ
1143 2628 1258 2696 Dionis

101 2723 289 2806 ὑποθέσεις
318 2751 377 2798 eae
399 2731 618 2816 appellantur,
647 2749 730 2814 qnae
752 2731 897 2796 similiter
919 2729 1088 2796 Isoeruteis
1110 2749 1174 2796 non
1202 2729 1257 2797 de·

101 2833 328 2899 monstrandae
350 2836 428 2900 artis
451 2840 483 2898 et
508 2832 641 2898 ludendi
664 2851 762 2898 eausa
783 2837 956 2897 tractantur
967 2831 1006 2915 ²),
1035 2831 1092 2897 sed
1115 2832 1148 2896 in
1171 2833 1258 2898 vitae

102 2935 261 3000 communi
284 2935 422 3000 utilitate
443 2935 603 3017 rebusque
625 2933 764 3017 publiois
786 2940 962 2998 versantur.

186 3037 386 3104 Nicolaus
415 3035 576 3119 sophista,
606 3055 702 3119 quem
730 3036 764 3102 in
786 3035 935 3102 sollemni
962 3034 1019 3099 illa
1048 3034 1089 3101 de
1117 3035 1258 3119 quinque

102 3139 247 3220 partibus
260 3137 435 3202 πολιτικοῦ
451 3134 549 3222 λόγου
565 3137 711 3204 doctrina
723 3157 799 3203 vere
809 3136 940 3202 oivilem
955 3136 1131 3203 orationem
1146 3145 1258 3204 notare

103 3259 200 3324 supra
223 3239 364 3306 diximus
387 3244 431 3325 (p.
450 3243 509 3305 196
522 3248 616 3324 sqql,
639 3239 754 3306 eodem
771 3259 867 3306 sensu
890 3238 973 3306 hano
994 3239 1187 3306 locutionem
1203 3259 1259 3306 ex·

103 3340 259 3425 hibetSp.
272 3342 406 3425 111456,
419 3345 459 3409 29
472 3347 589 3424 ortuo,
604 3345 652 3406 18.
667 3341 1041 3426 πολιτικῶςλέγειν
1058 3352 1107 3408 est
1122 3343 1258 3426 civili,

103 3461 166 3508 non
187 3443 315 3526 vulgari
338 3445 519 3510 elocutione
542 3445 587 3510 uti
614 3463 644 3526 p.
663 3447 734 3526 454,
760 3447 814 3507 17:
845 3439 973 3529 εἴρηται
997 3441 1033 3507 δὲ
1055 3444 1165 3525 μῦθος
1188 3434 1256 3508 ἀπὸ

102 3545 160 3608 τοῦ
187 3547 393 3626 μυθεῖσθαι,
420 3535 440 3609 ir'
462 3540 534 3611 ἐστι
557 3544 673 3630 λέγειν,
697 3535 754 3625 οὐχ
777 3534 831 3609 ὅτι
852 3545 908 3610 καὶ
932 3539 1060 3621 ἐντοῖς
1083 3538 1197 3621 ἄλλοις
1219 3538 1257 3611 οὗ

104 3645 257 3730 λέγομεν,
295 3638 369 3710 ἄλλ’
401 3638 455 3712 ὅτι
478 3643 512 3712 ἐν
543 3638 632 3731 αὐτῷ
662 3648 798 3730 πρῶτον
825 3645 863 3712 τὸ
894 3647 998 3732 λέγειν
1027 3646 1258 3726 πολιτικῶς

104 3745 331 3830 μανθάνομεν.
351 3752 500 3826 θέσεις
515 3749 677 3817 distribuit
692 3751 724 3814 in
740 3745 893 3835 φυσικὰς,
907 3747 978 3814 οἷον
994 3746 1024 3814 εί
1040 3747 1258 3836 σφαιροειδὴς

190 3903 213 3966 1)
230 3898 325 3954 Malim
342 3891 530 3972 Ἀριστείδην
550 3893 721 3956 ἀνίσταται.

193 3988 218 4051 1)
235 3983 307 4038 Puta
324 3985 393 4038 tales
412 3983 556 4053 orationes,
575 3984 662 4053 qualis
684 3978 813 4056 Τρωικὸς
830 3984 970 4054 aliaeque,
988 3999 1055 4054 quas
1073 3984 1166 4054 Synes.
1184 3985 1258 4053 legit.

108 4068 141 4122 cl.
159 4069 287 4126 Philostr.
305 4085 329 4126 r.
348 4069 426 4139 soph.
444 4069 458 4123 l
478 4074 542 4136 1,1.
