3004 4886
289 313 332 368 lle
349 313 491 370 notionum
509 307 657 379 πολιτικὸς
674 316 703 367 et
720 308 857 384 σοφιστὴς
874 327 926 367 usu
942 312 1086 367 rhetorico.
1206 313 1270 370 201

108 507 130 552 a
156 487 396 570 Doxopatro
426 486 487 566 (W.
503 487 535 552 ΙΙ
559 491 635 568 104,
664 489 733 564 25);
763 482 916 571 ῥητορική
946 481 1017 550 ἐστι
1046 481 1186 566 δύναμις
1215 478 1270 549 εὖ·

109 585 222 671 ρετικὴ
245 589 300 652 καὶ
333 584 544 674 depoposcerat}
568 584 653 670 μετὰ
675 585 801 668 κόσμου
823 588 890 650 τῶν
913 583 1134 669 ἐνδεχομένων
1156 589 1268 650 πιθα-

109 691 177 753 νῶν
194 685 228 753 ἐν
243 687 417 774 πράγματι
431 689 606 774 πολιτικῷ,
628 689 724 764 τέλος
746 687 866 770 ἔχοοοα
880 684 918 752 τὸ
936 671 971 752 εὖ
987 688 1092 772 λέγειν
1110 692 1154 766 (et
1169 689 1266 772 paulo

109 793 247 875 variata,
269 794 406 860 fortasse
428 794 461 858 in
477 793 585 859 verbis
600 787 726 875 τεχνικὴ
750 791 807 856 καὶ
829 788 1017 878 θεωρητικὴ
1033 792 1089 856 καὶ
1111 787 1268 876 ἑρμηνευ-

107 891 182 976 τικὴ
207 895 409 961 librariorum
433 895 529 978 culpa
551 901 701 980 corrupta
723 895 756 959 in
771 895 874 960 Troili
895 895 987 977 proll.
1010 893 1060 960 W.
1076 893 1120 959 VI
1137 897 1186 976 52,
1204 895 1266 969 16).

197 995 297 1062 Vides
324 997 422 1079 igitur
445 1031 486 1042 —
509 1015 547 1062 eo
570 998 656 1062 enim
679 995 813 1062 consilio
842 993 901 1061 has
930 994 1133 1062 definitiones
1156 1014 1267 1061 exara-

109 1098 217 1164 vimus
239 1133 281 1143 —
307 1099 340 1164 in
369 1099 515 1165 omnibus
545 1105 672 1164 exstare
701 1097 801 1164 verba
829 1093 869 1161 ἐν
898 1097 1106 1181 πολιτικῷ
1136 1093 1269 1180 πράγ-

106 1201 259 1282 ματιῑ),
289 1220 385 1284 quam
415 1201 582 1266 materiam
612 1205 777 1284 opponunt
805 1199 838 1264 hi
868 1199 1012 1267 rhetores
1041 1219 1165 1266 summo
1194 1218 1269 1265 con-

107 1321 207 1368 sensu
239 1301 519 1387 philosophorum,
556 1298 769 1384 medicorum,
795 1303 1076 1384 grammaticorum
1102 1302 1266 1367 materiae.

109 1402 247 1486 Quoquo
276 1423 353 1470 vcro
383 1404 480 1470 modo
510 1401 560 1469 his
590 1403 786 1486 temporibus
816 1402 882 1468 vim
909 1402 1064 1468 adiectivi
1093 1397 1267 1477 πολιτικὸς

109 1507 174 1572 sibi
196 1513 343 1572 auctores
368 1505 529 1572 finxerunt
551 1540 592 1550 -
616 1504 677 1571 hoe
700 1511 786 1570 certo
809 1513 934 1572 constat
956 1505 1112 1587 originem
1135 1505 1267 1571 duxisse

109 1607 195 1674 hanc
222 1608 417 1674 locutionem
439 1628 460 1673 a
482 1607 638 1690 Dionysio
662 1608 731 1690 vel,
758 1607 828 1672 sia
850 1608 953 1690 primo
976 1607 1064 1673 ionte
1086 1625 1153 1672 rem
1176 1626 1268 1690 repe·

109 1711 223 1792 timus,
252 1710 293 1776 ab
316 1709 536 1794 Hermagorae
559 1709 704 1776 doctrina
726 1710 898 1776 stoicorum
919 1709 1059 1792 vestigia
1080 1710 1266 1792 prementis.

196 1809 355 1888 Quoniam
389 1811 440 1878 his
468 1812 624 1878 absolutis
657 1830 698 1876 ne
732 1811 925 1896 posteriores
959 1810 1090 1893 quidem
1124 1811 1268 1876 rhetores

109 1915 204 1981 nobis
227 1934 414 1981 succensere
437 1921 602 1998 putamus,
630 1914 695 1978 iam
718 1913 870 1979 terminus
893 1914 935 1979 sit
957 1932 1112 1979 censurae
1133 1913 1267 1996 positus.

197 2017 309 2084 Restat
330 2024 438 2083 autem
461 2023 495 2082 ut
518 2017 624 2083 missis
647 2015 803 2096 omnibus,
830 2035 913 2098 quae
936 2022 1008 2081 sunt
1030 2015 1207 2099 singularia
1228 2036 1268 2081 ac

108 2121 302 2204 peculiaria,
332 2120 440 2203 capita
467 2119 693 2203 disputationis
721 2137 818 2201 quam
843 2119 1031 2184 brevissime
1053 2138 1210 2201 ponamus
1233 2119 1267 2182 in

108 2228 299 2306 conspectu:
333 2221 546 2287 Isocrates
576 2217 770 2294 πολιτικοὺς
804 2217 920 2303 λόγους
953 2220 1133 2303 appellavit
1165 2239 1267 2301 suum,

108 2324 196 2408 quod
220 2325 385 2408 proprium
409 2322 522 2406 habet,
546 2324 724 2390 orationum
748 2323 818 2389 siue
842 2319 1078 2405 συνταγμάτων
1100 2341 1210 2404 genus,
1235 2329 1269 2386 ut

108 2427 151 2493 ad
182 2426 325 2492 omnium
354 2427 424 2493 sive
454 2427 574 2492 civium
603 2426 673 2492 sive
696 2424 892 2491 Graecorum
914 2425 1085 2490 utilitatem
1107 2431 1266 2508 spectans.
1324 2476 1331 2550 5

108 2529 274 2596 Interdum
289 2529 377 2614 apud
393 2547 466 2594 eum
482 2528 570 2594 notio
586 2552 624 2592 τι.
647 2525 745 2611 λόγου
768 2525 941 2611 respondet
962 2534 1091 2593 nostrae
1113 2527 1269 2593 locutioni
1321 2578 1325 2607 ,

104 2622 331 2712 ‘Stuotsrede',
362 2632 417 2714 qui
445 2651 521 2697 usus
554 2631 676 2715 passim
711 2631 856 2696 omnibus
890 2629 1088 2713 temporibus
1121 2631 1266 2696 occurrit.
1317 2628 1323 2719 l

107 2733 201 2800 Idem
223 2729 383 2797 πολιτικὰ
405 2723 555 2815 ὀνόματα
578 2741 740 2815 nuncupat
764 2751 804 2797 ea
826 2732 993 2813 vocabula,
1018 2752 1101 2813 quae
1124 2733 1269 2798 incivili
1314 2724 1319 2807 l

108 2837 255 2903 oratione
276 2834 486 2919 adhibentur,
516 2855 611 2918 quem
634 2855 735 2916 usum,
759 2835 829 2900 sive
852 2833 1012 2900 vocabula
1032 2841 1182 2900 notantur
1204 2853 1268 2899 non
1312 2822 1316 2909 ι’

108 2939 239 3023 poetica
260 2940 330 3005 sive
352 2958 416 3005 non
439 2939 532 3019 vilia,
562 2958 620 3023 per
642 2938 750 3002 omnia
772 2944 917 3021 tempora
939 2936 1079 3003 valuisse
1101 2936 1268 3002 sciendum
1311 2968 1314 3017 t

108 3049 167 3110 est.
212 3041 609 3108 TechnicenePlato
633 3039 763 3122 quidem
786 3059 899 3105 vocem
915 3035 1089 3114 πολιτικὸς
1110 3037 1268 3104 adhibuit.
1311 3056 1315 3129 p

107 3146 146 3210 In
169 3143 380 3211 rhetorica
401 3151 507 3210 autem
529 3143 579 3208 ad
602 3142 931 3208 Alexandrum—
949 3141 1070 3208 indicia
1092 3141 1178 3208 enim
1200 3147 1268 3206 tan·
1313 3146 1319 3275 ἰ

108 3256 176 3313 tum
211 3245 305 3312 huius
333 3247 379 3312 rei
410 3245 544 3329 praebet
573 3245 828 3310 Aristoteles
857 3281 898 3290 —
928 3245 1064 3327 primum
1094 3242 1175 3308 haec
1204 3263 1269 3309 vox
1316 3278 1320 3299 ι

110 3351 157 3416 ita
178 3355 359 3433 usurpatur,
382 3355 417 3413 ut
432 3348 629 3414 contionales
646 3353 677 3412 et
699 3346 869 3412 iudiciales
885 3346 1044 3411 orationes
1058 3344 1267 3428 comprehen·
1317 3302 1328 3419 l

113 3487 317 3494 „ffl—
1326 3422 1336 3483 l

200 3571 223 3627 tt
241 3565 332 3621 Etiam
349 3569 458 3635 praeter
475 3565 525 3618 has
544 3563 714 3619 definitiones
731 3563 810 3617 multi
827 3569 891 3616 sunt
907 3561 975 3628 loci,
998 3563 1097 3630 quibus
1115 3562 1267 3616 rhetoricae
1335 3494 1361 3625 N

109 3653 165 3708 arti
175 3652 318 3707 materiam
330 3650 492 3707 scholiastae
504 3649 662 3718 simpliciter
674 3648 798 3703 tribuunt
810 3642 986 3706 edecimati
1000 3647 1118 3715 (Dorop.
1129 3647 1156 3700 ll
1169 3650 1226 3715 102,
1235 3651 1267 3700 th
1365 3678 1369 3726 ¹,

108 3755 190 3794 anon.
204 3737 297 3804 was,
311 3741 345 3804 1),
364 3731 398 3794 τὸ
413 3731 562 3793 πολιτικὸν
580 3738 698 3806 πρᾶγμα
715 3750 764 3788 seu
776 3728 811 3790 τὰ
824 3728 956 3790 πολιτικὰ
975 3729 1132 3804 πράγματα
1149 3733 1266 3800 tDoxop.
1368 3740 1371 3751 ’

109 3825 135 3877 lI
151 3827 209 3888 121,
225 3827 254 3877 l'l
274 3823 359 3877 schol.
374 3823 476 3892 Aphth.
491 3821 554 3886 112,
571 3826 609 3874 11.
629 3834 709 3874 anon.
722 3818 763 3872 111
776 3823 834 3885 oto,
848 3822 898 3885 21),
916 3814 952 3876 τὰ
971 3812 1103 3875 πολιτικὰ
1122 3813 1267 3890 ζητήματα

108 3909 170 3972 tVll
184 3912 226 3972 33,
241 3912 276 3970 tt.
306 3907 437 3961 Eiusdem
453 3908 558 3973 generis
570 3920 630 3960 esse
641 3907 691 3959 hos
703 3905 778 3959 locos
792 3919 854 3958 cum
864 3905 905 3968 iis,
924 3921 991 3972 quos
1004 3903 1105 3972 passim
1119 3902 1266 3970 attulimus,

110 4009 172 4046 cum
190 3993 223 4046 dc
242 3991 420 4060 Hermagora,
439 3991 577 4059 Dionysio,
596 3991 776 4058 Hermogene,
794 3988 948 4043 Alexandro
966 3988 1090 4044 Numenii
1109 3988 1265 4053 diceremus,

110 4085 236 4148 apertum
253 4083 305 4132 est.
