3004 4886
222 297 282 352 242
643 295 756 349 Carolus
775 293 979 348 Brandstaetter

221 467 457 534 commodatam
480 467 731 550 explicationem
754 467 877 549 attinet,
901 465 1033 532 secundi
1057 467 1149 548 quasi
1172 466 1295 532 ordinis
1319 487 1394 548 pu·
1498 539 1499 542 Ἴ

221 570 321 636 tanda
354 571 419 636 sint
452 570 560 635 omnia
593 570 718 652 reliqua
751 569 878 634 illorum
913 569 1127 651 posteriorum
1160 567 1393 651 sophistarum
1498 569 1499 656 ᾗ

222 668 391 752 ἰδιώματα
421 671 560 738 hicnon
586 672 783 752 necessaria,
814 690 897 753 quae
927 669 1111 736 afferantur.
1156 670 1226 735 lam
1254 671 1393 736 intelle·

221 777 342 857 gimus‚
371 773 406 838 id
429 773 515 856 quod
538 774 596 839 fati
619 774 711 856 quasi
733 773 828 838 ludus
857 772 1000 856 videtur,
1029 792 1092 855 quo
1116 772 1212 838 modo
1241 770 1393 854 accidat,

220 884 256 943 ut
274 876 471 958 Gorgias,
496 877 550 959 qui
573 875 735 958 quondam
757 894 820 940 nou
843 874 998 959 sophista,
1022 874 1079 940 aad
1103 871 1212 958 ῥήτωρ
1235 873 1301 939 dici
1323 892 1393 940 vo·

222 979 290 1059 luit,
314 976 547 1043 aPhilostrato
572 977 598 1056 (l
615 979 680 1059 8,4
704 981 784 1059 et9,
804 979 832 1052 1)
855 979 1011 1061 primus
1034 977 1186 1043 afferatur
1209 978 1291 1042 inter
1314 996 1393 1057 eos,

223 1099 304 1162 quos
333 1083 488 1162 κυρλως
517 1081 845 1164 προσρηθέντας
874 1076 1082 1164 σοφιστὰς
1111 1079 1198 1144 dicit.
1242 1079 1391 1144 Tantam

224 1203 290 1248 vox
314 1178 480 1268 σοφιστὴς
508 1202 606 1265 passa
628 1189 677 1247 est
699 1183 917 1247 mutationem.
962 1183 1067 1265 Atque
1094 1181 1176 1248 adeo
1199 1182 1394 1265 praevaluit

223 1286 256 1350 iu
288 1283 454 1368 sophistae
483 1285 612 1349 notione
640 1283 888 1367 pulchritudinis
923 1285 1076 1349 orationis
1105 1284 1316 1366 significatio,
1347 1291 1393 1348 ut

225 1387 453 1468 Gregorius
469 1385 708 1452 Corinthius
728 1387 824 1462 (saec.
839 1386 914 1461 XII)
937 1405 1092 1468 perversa
1107 1386 1261 1452 radicitus
1276 1405 1391 1450 rerum

226 1490 362 1553 veritate
385 1486 507 1552 diceret
536 1487 596 1564 (W.
621 1487 680 1552 VII
705 1489 797 1570 1098,
817 1489 881 1562 lb):
911 1484 982 1552 οἷον
1006 1485 1172 1573 σοφιστάς
1195 1508 1281 1572 φασι
1303 1485 1390 1564 τοὺς

227 1583 359 1671 εόροιαν
383 1586 481 1672 λόγου
504 1593 720 1673 κεκτημένους
741 1591 902 1672 κυρίως.
940 1591 994 1654 καὶ
1011 1588 1083 1654 ἔστι
1097 1593 1195 1654 τοῦτο
1213 1589 1283 1654 ἰδία
1307 1588 1389 1654 διό-

226 1715 301 1756 νοια
324 1692 383 1754 τοῦ
410 1687 622 1774 πράγματος,
654 1685 746 1754 εἶτα
774 1695 938 1778 μετετέθη
961 1689 999 1756 τό
1024 1685 1130 1772 όνομα
1156 1693 1212 1756 καὶ
1236 1689 1292 1756 ἐντὶ
1315 1693 1389 1756 ταῖν

225 1789 499 1875 ψευδολόγων
529 1794 585 1857 καὶ
616 1790 759 1878 ἐσήμανε
788 1791 951 1880 διάφορον
980 1792 1132 1858 όιόνοιαν
1155 1791 1192 1858 τὸ
1218 1792 1388 1882 σοφιστὴς

226 1888 344 1976 όνομα,
361 1896 513 1958 τουτέστι
530 1891 605 1959 δύο·
623 1888 806 1980 διαφόρους
822 1895 868 1974 ds',
893 1887 972 1960 όταν
988 1897 1127 1981 τιθῆται
1143 1892 1201 1961 ἐντὶ
1217 1894 1388 1960 πλειόνων

229 1995 445 2081 πραγμάτων.
490 1994 527 2060 τό
548 1994 612 2081 γὰρ
636 1989 715 2060 αὐτὸ
739 1998 838 2060 τοῦτο
861 1997 917 2061 καὶ
941 1994 996 2060 ἐντὶ
1020 1999 1086 2060 τῶν
1108 1989 1242 2083 τάληθῆ
1265 1997 1387 2063 διδασ-

226 2097 351 2165 κόντων
382 2099 528 2183 λέγεται·
559 2097 593 2163 ἒν
614 2092 696 2183 ἤθει
721 2097 772 2171 δὲ,
804 2095 833 2162 εἰ
855 2095 952 2178 τυχόν
982 2097 1067 2164 κατὰ
1097 2098 1269 2182 εἰρωνείαν
1297 2098 1387 2184 ἐρεῖς

225 2202 282 2266 καὶ
305 2199 382 2276 τοὺς
406 2192 626 2272 ἆποτειόντας
654 2198 710 2261 καὶ
740 2195 993 2280 παραλογιστὰς
1014 2199 1070 2262 καὶ
1094 2190 1173 2274 αὐτὸ
1198 2201 1297 2262 τουτο
1321 2221 1387 2284 rpe-

212 2299 388 2378 νακιοτὰς
417 2297 600 2386 σοφιστάς,
631 2319 714 2382 quae
744 2300 851 2364 omnia
879 2299 1054 2366 afferuntur
1082 2301 1282 2384 aGregorio
1311 2303 1387 2368 loco

229 2405 437 2488 metaphorae
460 2422 518 2485 per
540 2402 676 2466 ironiam
699 2393 818 2483 (ἤθους
840 2399 1050 2487 προσθήκην)
1072 2403 1189 2469 factae.

313 2506 437 2584 Quibus
452 2503 637 2588 praemissis
653 2504 728 2569 ilico
746 2503 965 2569 demonstrare
980 2505 1115 2589 iuvabit,
1139 2523 1222 2588 quae
1239 2505 1289 2572 his
1305 2513 1386 2570 tem·

229 2609 362 2694 poribus
378 2609 410 2671 in
426 2607 609 2672 uuiversum
626 2606 667 2671 sit
681 2606 770 2671 notio
786 2605 989 2671 adiectivi
1008 2605 1273 2690 σοφιστικός.
1312 2606 1388 2683 Qua

229 2713 261 2776 in
278 2729 312 2775 rc
328 2711 442 2775 iterum
458 2707 698 2792 proficiscamur
712 2728 734 2773 a
747 2707 949 2792 Philostrato,
967 2709 1087 2793 quippe
1104 2711 1158 2793 qui
1175 2711 1258 2776 inter
1274 2729 1388 2776 omnes

228 2813 323 2878 huius
346 2812 461 2877 aetatis
484 2811 655 2894 scriptores
679 2810 871 2876 uberrimam
895 2811 1118 2894 exemplorum
1141 2812 1270 2895 cupiam
1292 2829 1387 2895 prae·

228 2917 320 2997 beat;
354 2913 512 2994 simulque
543 2911 593 2996 fit,
627 2918 751 2977 utnon
779 2911 1021 2978 dimidiatus
1055 2914 1142 2996 apud
1170 2934 1229 2980 nos
1257 2913 1389 2979 incedat

228 3019 389 3084 Lemnius.
428 3015 532 3080 Huius
554 3021 662 3079 autem
685 3013 837 3079 subsidiis
855 3013 957 3078 adiuti
972 3016 1000 3079 si
1016 3017 1048 3080 in
1064 3017 1248 3082 universum
1263 3022 1386 3083 certum

229 3119 269 3184 de
285 3119 439 3184 adiectivi
456 3113 651 3200 σοφιστικὸς
673 3113 907 3197 significatione
923 3115 1075 3182 iudicium
1098 3118 1278 3200 fecerimus,
1302 3119 1386 3183 veri·

231 3241 278 3302 us,
296 3221 350 3302 qui
363 3220 404 3284 sit
416 3237 491 3283 usus
507 3217 594 3298 apud
609 3217 773 3283 technicos
789 3224 935 3284 auctores
950 3226 1146 3302 ceterosque,
1163 3220 1218 3302 qui
1235 3221 1388 3302 passim

231 3322 292 3388 hac
315 3339 395 3386 voce
418 3326 556 3402 utuntur,
580 3319 827 3384 enucleabimus.

314 3424 363 3488 Ac
378 3421 518 3506 primum
534 3421 665 3503 quidem
676 3418 889 3487 Philostratus
904 3421 1101 3489 adiectivum
1118 3420 1315 3507 σοφιστικὸς
1330 3423 1387 3489 ad-

230 3527 320 3592 hibet
334 3526 405 3590 loco
422 3523 613 3590 substantivi
637 3519 810 3606 σοφιστής,
835 3541 861 3588 e.
878 3543 908 3605 g.
926 3544 956 3588 v.
972 3523 1063 3606 soph.
1080 3525 1097 3588 I
1116 3529 1164 3607 19,
1183 3530 1197 3588 t
1216 3518 1234 3588 ό
1252 3522 1288 3588 δὲ
1304 3520 1389 3608 ἀνὴρ

230 3621 327 3702 οὗτος
342 3637 413 3700 τοῖς
427 3623 487 3704 μὲν
504 3622 683 3698 δικανικοῖς
707 3616 851 3704 ἀμείνων
863 3620 973 3688 ’ἐδόκει
989 3622 1029 3688 τό
1047 3623 1207 3704 δικανικό,
1230 3638 1322 3702 τοῖς
1345 3625 1389 3690 δὲ

231 3738 508 3816 σοφιστικοῖς
523 3722 564 3788 τὰ
581 3723 761 3807 σοφιστικά
779 3728 829 3806 (cf.
843 3729 904 3792 112
918 3735 997 3792 extr.
1011 3721 1167 3811 ἀποχρῶν
1181 3729 1320 3804 καὶτοῖς
1336 3727 1390 3794 δι-

230 3874 419 3951 λπεροωνων,
437 3871 593 3945 πολυειδὴς,
605 3871 737 3944 πότιμος,
754 3871 894 3947 μεγάλως,
906 3871 978 3947 ἡδύς,
996 3874 1135 3952 σοβαρός,
1152 3875 1308 3950 ποιητικός,
1327 3899 1391 3936 ποι-

230 3966 323 4028 κίλος,
346 3958 495 4032 περιττός,
513 3959 735 4032 ἐπηνθισμένος,
752 3965 842 4026 λεῖος,
860 3958 967 4034 ἁβρός,
984 3965 1086 4029 θείως,
1104 3959 1300 4036 θεοφόρητος,
1317 3958 1391 4020 ὑπό-

230 4055 350 4122 βακχος,
369 4037 593 4118 όιθυραμβαλδης,
610 4041 813 4116 μεγαλόφρων,
831 4045 1072 4120 μεγαλογνώμων.
