2990 4886
599 1324 742 1392 CAPUT
764 1326 788 1390 I.

406 1473 465 1552 De
490 1478 636 1553 6611666
662 1479 761 1554 cocci
787 1475 981 1558 πολιτικός.

200 1630 337 1712 Scripsit
348 1629 389 1696 de
402 1632 531 1697 notione
542 1632 631 1698 vocis
644 1627 819 1706 πολιτικὸς
834 1632 966 1716 661666,
982 1636 1134 1713 quantum
1150 1630 1270 1707 inveni,

113 1731 349 1799 Crerollius
380 1751 397 1796 e
427 1733 580 1798 societate
608 1732 682 1798 Iesu
711 1733 895 1799 Armoricus
924 1733 955 1796 in
986 1730 1140 1797 theatri
1170 1729 1268 1796 rhet.

112 1837 133 1900 1.
150 1835 201 1901 16.
221 1837 239 1898 3
263 1836 303 1912 (a.
323 1835 432 1915 1620),
456 1835 502 1899 ita
524 1841 647 1917 tamen,
677 1842 712 1898 ut
736 1835 849 1917 paucis
871 1834 1008 1918 pagellis
1028 1826 1136 1916 ‘quis
1160 1841 1269 1899 66661

113 1931 338 2009 πολιτικὸς
368 1935 549 2017 quidque
572 1931 793 2010 πολιτικὸς
821 1957 842 2000 6
863 1934 1052 2019 sophista
1080 1941 1118 2000 et
1152 1953 1268 2018 prae·

112 2037 374 2104 stantissimo
409 2033 577 2103 dicendi
610 2037 780 2103 artifice
814 2026 1070 2104 dissentiret’
1107 2056 1171 2101 666
1203 2041 1269 2100 166

113 2139 285 2222 diiigenter
314 2145 480 2222 tractaret,
511 2138 569 2204 sed
598 2140 704 2221 potius
732 2159 837 2222 neque
859 2139 1041 2206 auctoribus
1063 2157 1169 2220 neque
1191 2145 1268 2204 tem·

113 2243 245 2325 poribus
269 2240 435 2308 disiunctis
458 2241 573 2306 leviter
595 2248 750 2324 tangeret.

200 2343 277 2408 Post
306 2361 378 2408 eum
407 2342 531 2424 aliquid
562 2343 769 2427 suppeditant
797 2342 1086 2426 Langbaenius
1115 2345 1155 2420 (a.
1174 2343 1267 2418 1638)

113 2453 146 2510 61
168 2446 260 2511 Tan.
284 2445 415 2510 Faber
430 2448 470 2522 (a.
489 2446 584 2521 1663)
606 2446 638 2510 16
661 2445 920 2512 adnotationibus
943 2444 986 2510 ad
1008 2444 1066 2510 Ps.
1090 2444 1268 2527 Longini

112 2547 191 2632 περὶ
215 2544 324 2630 ὕψους
346 2548 420 2612 iibri
444 2547 634 2630 olfactis,
663 2566 798 2630 quorum
821 2547 984 2629 utriusque
1007 2548 1108 2612 verba
1129 2548 1161 2611 in
1185 2548 1267 2614 eius-

112 2650 186 2716 dem
210 2650 313 2715 libeili
337 2648 479 2715 editione
502 2649 632 2715 iteravit
653 2649 765 2732 paucis
789 2649 830 2714 de
851 2669 909 2714 666
931 2649 1050 2714 additis
1073 2649 1149 2714 Iac.
1173 2650 1268 2715 Tol·

111 2753 193 2818 lius
216 2757 257 2825 (a.
279 2753 389 2833 1694);
415 2751 514 2816 Fabri
536 2750 776 2817 adnotationem
798 2751 928 2833 repetiit
949 2752 1047 2816 etiam
1070 2749 1268 2818 Schaefer

109 2857 145 2919 in
174 2860 332 2937 apparatu
359 2853 553 2937 Dionysii
582 2853 666 2918 Hal.
697 2853 738 2919 de
769 2873 872 2936 comp.
894 2872 924 2918 6.
947 2853 1028 2918 libro
1051 2852 1177 2920 adiecto
1199 2857 1267 2938 66

108 2961 151 3033 (a.
171 2959 275 3034 1808).
320 2955 412 3034 Quae
434 2956 567 3022 Morus
590 2956 692 3022 textui
715 2955 772 3021 Ps.
788 2955 906 3039 Long.
924 2976 950 3022 c.
967 2955 1110 3022 XXXIV
1132 2956 1269 3023 subiecit

111 3062 152 3137 (a.
172 3061 275 3142 1769),
298 3059 396 3142 66616
419 3058 594 3124 666611666
615 3065 688 3124 6661
709 3077 729 3122 6
750 3064 859 3124 666166
883 3059 1037 3124 instituto.

197 3161 281 3226 Tum
296 3161 462 3244 aliquanto
478 3159 637 3240 subtilius,
661 3159 719 3225 sed
735 3179 775 3225 ne
791 3161 818 3226 16
841 3159 971 3243 quidem
987 3160 1029 3227 ad
1045 3161 1091 3226 rei
1110 3161 1266 3244 integram

110 3263 328 3344 cognitionem
351 3263 429 3327 satis
452 3261 709 3344 accommodate,
739 3261 780 3328 de
808 3281 888 3328 6666
914 3258 1089 3338 πολιτικὸς
1117 3262 1268 3330 disseruit

110 3365 157 3431 Io.
181 3363 297 3430 (1166161.
320 3364 485 3430 Ernesti
508 3365 541 3428 in
570 3365 633 3430 lex.
661 3363 767 3430 tecbn.
794 3363 1180 3448 66616616278666,
1212 3368 1267 3449 qui

108 3460 165 3534 ‘ut
192 3467 267 3532 aliis
296 3467 375 3532 loeis
405 3467 617 3550 congerendis
646 3467 856 3550 supersedere
886 3457 1011 3550 possit,'
1048 3469 1156 3534 666616
1189 3487 1266 3550 quo·

110 3569 209 3635 modo
237 3588 295 3635 666
325 3569 456 3651 ablegat
485 3569 527 3635 ad
556 3568 705 3636 Oresoliii
734 3569 859 3651 inopias
888 3570 993 3651 661166
1022 3588 1118 3652 quam
1146 3570 1265 3652 copias.

110 3671 251 3738 Ernestii
274 3671 374 3737 verba
387 3672 570 3738 maximam
593 3678 719 3755 partem
740 3691 825 3737 nuno
847 3672 1039 3737 transierunt
1061 3672 1094 3736 in
1109 3669 1266 3756 Stephani

111 3773 296 3840 thesaurum
330 3793 354 3839 s.
377 3793 407 3839 6.
460 3775 560 3841 Pauci
589 3775 646 3840 alii
679 3793 742 3840 suo
770 3774 842 3839 loeo
874 3773 966 3840 nobis
1003 3780 1096 3840 erunt
1128 3793 1265 3842 comme·

110 3874 268 3942 morandi.

198 3977 249 4042 Ex
264 3977 342 4044 viris
365 3977 467 4046 doctis
488 3979 675 4046 recentioris
697 3979 812 4046 aetatis
834 3997 939 4060 nemo,
962 3978 1049 4061 quod
1071 3979 1180 4060 sciam,
1204 3976 1266 4044 hac

112 4078 152 4145 de
168 4099 203 4145 re
220 4078 368 4146 subtilius
389 4080 565 4166 inquisivit,
589 4081 650 4148 nisi
675 4081 761 4164 quod
777 4080 816 4146 H.
833 4080 1051 4163 Baumgart
1066 4080 1159 4155 (Ael.
1176 4081 1264 4145 Ari·
