2990 4886
235 319 296 376 152
645 320 758 374 Carolus
776 321 982 376 Brandstaetter

321 491 551 575 Epicurum.
597 490 660 570 Qui
683 491 761 575 quid
784 491 845 558 hac
867 492 909 559 de
926 513 960 560 re
983 495 1100 560 sentiat
1121 515 1185 561 non
1207 496 1252 560 ita
1275 515 1316 561 ox
1338 496 1391 578 iis,

235 613 317 676 quae
333 593 496 661 Usenerus
519 594 659 676 collegit,
682 595 869 677 fragmentis
886 596 1116 678 cognoscimus,
1140 617 1235 679 quarn
1253 617 1294 663 ex
1309 597 1391 662 Her-

236 696 461 762 culanensibus
491 697 706 762 voluminibus
736 695 903 764 rhetoricis
925 696 1174 782 Philodemi,
1202 698 1392 783 philosophi

235 799 342 881 potius
377 817 472 881 quam
506 796 642 864 rhetoris
676 798 837 882 Epicurei.
893 799 996 866 Huius
1028 801 1186 884 fragmina
1218 808 1392 885 postquam

237 898 472 972 Sudhausius¹t
502 899 700 984 apographis
723 897 961 968 Oxonieusibus
990 901 1095 968 denno
1125 904 1266 985 collatis,
1295 904 1392 970 novis

236 1002 368 1068 auxiliis
391 1001 619 1086 aGomperzio
641 1003 807 1087 praebitis,
829 1004 870 1069 ab
891 1003 1035 1070 Usenero
1059 1011 1090 1070 et
1112 1003 1310 1072 Buechelero
1333 1005 1391 1070 ad·

235 1105 320 1170 iutus
336 1104 474 1170 feliciter
486 1105 674 1187 plerumque
691 1111 786 1170 aucta
801 1112 832 1171 et
848 1106 1013 1189 ingeniose
1030 1107 1178 1191 suppleta
1193 1108 1286 1190 quasi
1301 1113 1391 1192 pate·

235 1207 322 1288 fecit,
346 1205 387 1272 de
410 1205 461 1272 his
483 1207 694 1290 potissimum,
723 1227 804 1290 quos
827 1213 1008 1290 tractamus,
1032 1210 1175 1276 terminis
1199 1209 1390 1276 commodis-

235 1309 350 1375 simum
372 1309 556 1392 accepimus
579 1308 766 1374 subsidium.
813 1308 1025 1393 Sublegamus
1054 1311 1151 1394 igitur
1174 1331 1215 1376 ex
1237 1311 1390 1396 Epicure·

236 1431 325 1476 orum
349 1409 449 1477 bortis
471 1411 601 1494 fructus,
625 1430 705 1493 quos
729 1413 784 1478 diu
806 1413 900 1478 nobis
922 1419 1157 1478 recusaverunt.

322 1529 531 1619 Philodemus
561 1537 751 1597 tractaturus
780 1533 886 1597 tritam
916 1532 1006 1597 illam
1035 1539 1070 1610 et
1096 1552 1295 1599 communem
1325 1555 1390 1600 non

234 1653 407 1716 paucorum
429 1631 591 1698 rhetorum
613 1632 944 1717 philosophorumque
963 1641 1003 1717 et,
1027 1635 1055 1700 si
1078 1655 1148 1700 cum
1172 1637 1318 1702 acumine
1342 1637 1390 1701 in-

234 1735 362 1818 tellegis
383 1735 533 1801 Isocratis
558 1739 614 1813 (or.
630 1735 710 1800 Xlll
729 1738 779 1813 12)
802 1737 911 1817 verba,
934 1755 975 1802 ne
993 1737 1035 1802 ab
1058 1735 1120 1803 hoc
1142 1737 1272 1820 quidem
1294 1759 1390 1822 repu-

234 1837 353 1903 diatam
371 1838 601 1920 quaestionem,
616 1843 721 1904 utrum
737 1838 770 1902 in
787 1840 945 1905 artibus
960 1838 1157 1904 numeranda
1172 1841 1213 1905 sit
1228 1839 1391 1906 rhetorica

234 1959 345 2022 necne,
369 1939 400 2002 in
423 1939 505 2004 libro
521 1939 552 2003 ll
568 1940 706 2022 primum
729 1939 807 2023 quid
822 1941 879 2005 alii
895 1941 957 2005 viri
973 1941 1042 2006 sive
1065 1940 1151 2006 docti
1174 1941 1243 2006 sive
1267 1941 1390 2008 indocti

234 2039 296 2106 hae
319 2040 360 2106 de
383 2060 417 2106 re
440 2042 637 2126 censuerint,
666 2042 838 2126 imprimis,
862 2049 897 2107 ut
919 2041 1063 2124 videtur,
1086 2041 1272 2126 philosophi
1296 2044 1390 2110 stoici

234 2152 265 2208 ct
288 2142 474 2227 Cyrenaici,
505 2145 693 2228 perlustrat,
722 2151 789 2208 tum
813 2142 891 2226 quid
919 2143 1065 2209 arbitrati
1094 2145 1157 2210 sint
1187 2145 1317 2228 quidam
1347 2166 1390 2212 ex

231 2245 312 2328 ipsis
335 2246 465 2329 Epicuri
488 2246 620 2311 asseclis
643 2246 688 2310 ita
710 2252 869 2327 recenset,
893 2253 927 2310 ut
949 2247 1095 2313 notiones
1118 2245 1313 2324 rhetoricae,
1337 2269 1389 2315 so·

230 2346 399 2430 phisticae,
422 2347 575 2430 politicae
597 2367 660 2412 non
683 2349 760 2412 satis
783 2345 959 2414 disiunctas
981 2349 1183 2432 perstringat.
1221 2351 1288 2415 Iam
1309 2353 1387 2427 (vol.

231 2448 279 2514 rh.
292 2469 324 2532 p.
341 2451 392 2530 68,
411 2453 424 2512 1
445 2448 489 2526 S.)
505 2449 641 2532 scriptor
657 2449 697 2514 ad
722 2470 811 2515 suurn
836 2450 936 2533 ipsius
952 2451 1143 2516 sententiam
1159 2452 1387 2535 proferendam
1484 2479 1485 2508 t

231 2552 361 2618 festinat
390 2557 503 2633 utque,
533 2558 568 2615 ut
596 2551 720 2616 ratione
743 2559 775 2616 et
797 2553 851 2617 via
873 2553 992 2634 ubique
1014 2553 1126 2638 utitur,
1156 2555 1234 2620 artis
1257 2555 1388 2622 notione
1484 2585 1485 2588 ¹

233 2655 393 2721 subtiliter
417 2653 656 2736 circumscripta
687 2660 729 2736 tp.
747 2657 803 2733 76,
829 2650 880 2736 11)
910 2655 955 2720 ita
978 2653 1073 2721 dicit:
1104 2645 1220 2731 αὐτοῖς
1244 2655 1279 2720 db
1304 2659 1386 2736 (scil.

231 2766 306 2830 ταῖς
322 2756 378 2818 νῦν
393 2742 414 2842 ἢ
428 2755 649 2836 καλουμέναις
671 2741 691 2839 ἢ
715 2745 753 2819 οὗ
775 2757 994 2838 καλουμέναις
1017 2760 1158 2837 τέχναις)
1182 2754 1220 2844 δὴ
1244 2760 1387 2822 τοιαῦτα

180 2881 190 2895 ¹
230 2859 284 2922 καὶ
307 2853 368 2934 τὰς
399 2853 575 2942 ῥητορικὰς
604 2853 860 2940 ἐναρμόττοντες
882 2855 941 2944 τὴν
963 2857 1024 2940 μὲν
1047 2857 1248 2949 σοφιστικὴν
1270 2864 1388 2945 τέχνην

231 2952 516 3046 ἀποφαινόμεθα,
550 2957 609 3046 τὴν
644 2957 679 3023 δὲ
708 2959 884 3055 πολιτικὴν
913 2952 951 3025 οὗ
980 2946 1102 3048 τέῐνόν.
1155 2963 1387 3046 cognoscimus

230 3061 374 3148 proiecto
397 3083 417 3128 a
439 3062 630 3129 Philodemo
657 3053 756 3146 (esp.
774 3067 823 3146 53,
841 3066 895 3140 23)
924 3063 1117 3130 divisionem
1147 3065 1193 3131 ita
1222 3065 1291 3132 ficri
1313 3063 1388 3132 rhe-

230 3167 401 3232 toricorum
430 3185 598 3249 generum,
628 3171 663 3231 ut
685 3167 773 3230 nullo
801 3171 897 3249 pacto
920 3163 1098 3251 noqueunt}
1122 3163 1275 3254 ῥητορικὴ
1299 3188 1387 3234 conr·

230 3268 418 3333 munitatem
442 3266 560 3332 habeat
575 3287 647 3332 curn
663 3269 793 3334 notione
808 3266 984 3331 πολιτικοῦ
1007 3264 1115 3351 λόγου,
1139 3270 1235 3335 immo
1254 3277 1289 3334 ut
1311 3290 1386 3336 con-

230 3369 347 3434 trariae
364 3387 404 3433 ex
427 3373 519 3450 parte
542 3368 605 3433 sint
627 3368 709 3432 inter
731 3389 775 3434 se.
821 3367 893 3446 Qua
915 3368 957 3434 de
979 3389 1013 3435 re
1036 3389 1076 3436 ne
1099 3371 1166 3435 ulla
1187 3371 1387 3454 relinquatur

230 3470 403 3553 dubitatio,
437 3469 515 3535 satis
543 3468 648 3535 habeo
671 3471 833 3536 remisisse
855 3473 1008 3538 lectorem
1031 3471 1074 3536 ad
1097 3473 1178 3538 alios
1202 3472 1386 3540 Philodemi

228 3572 334 3654 locos,
365 3571 480 3654 quibus
508 3571 697 3654 plerumque
724 3570 881 3651 firmatur,
912 3570 999 3656 quod
1028 3573 1069 3640 de
1091 3575 1168 3640 artis
1198 3577 1386 3656 quaestione

230 3695 302 3740 eum
319 3673 458 3740 sensisse
474 3673 569 3738 modo
586 3673 741 3740 diximus:
764 3695 795 3757 p.
813 3677 842 3756 9,
858 3677 899 3739 26
914 3671 973 3757 τὴν
989 3671 1187 3761 σοφιστικὴν
1211 3673 1385 3761 ῥητορικὴν

132 3809 137 3816 ,
231 3767 288 3840 αι’-ν,
304 3769 389 3840 εἶναι
405 3777 518 3860 τέχνην
532 3825 539 3840 .
553 3821 582 3839 ..
601 3771 644 3860 μὴ
670 3779 905 3860 περιγίνεσθαι
929 3767 975 3840 δι’
1004 3768 1104 3864 αἰτῇς
1126 3772 1185 3861 τὴν
1208 3777 1384 3870 τιόλικτιμῄν

230 3880 285 3942 καὶ
315 3875 373 3961 τὴν
403 3873 592 3964 έμιιρακτον
622 3875 813 3964 ῥητορικήνς
841 3882 898 3962 21,
923 3881 960 3943 31
994 3872 1070 3944 οὕτε
1097 3865 1174 3970 arpos
1187 3877 1384 3967 οοφιστικὴν

318 4085 341 4146 1)
359 4078 508 4135 Philodemi
521 4080 655 4134 volumina
667 4080 801 4135 rhetorica
813 4079 854 4134 ed.
869 4079 998 4147 Siegfried
1011 4081 1145 4136 Sudhaus.
1178 4079 1289 4148 Lipsiae
1309 4085 1383 4136 1892.
