3004 4886
234 303 295 358 200
646 301 759 358 Carolus
776 302 982 358 Braudstaetter

230 469 248 538 ό
278 464 432 559 οὐρανός,
462 480 496 540 et
527 475 559 540 in
588 471 780 552 πολιτικὰς,
810 477 899 542 velut
928 472 958 540 al
989 473 1168 560 γαμητεόνε
1196 497 1392 560 quamquam

232 577 483 660 explicationem
506 578 577 660 ipse
592 597 657 644 non
678 577 780 660 addit,
803 585 912 644 nmen
934 579 1003 644 iura
1024 585 1174 662 putamus
1196 599 1252 644 eas
1273 581 1390 662 notari,
1485 627 1486 638 ι

233 699 368 762 quarum
401 679 568 762 perceptio
597 679 656 746 sub
686 700 884 746 communem
917 680 1003 746 cadit
1031 681 1228 746 intellectum
1256 687 1299 764 lp.
1316 684 1392 764 497,

232 785 357 865 6sqq.).
402 783 432 846 A
454 781 761 849 narrationibus
782 781 934 865 mythicis
952 788 985 848 et
1007 781 1166 849 historicis
1188 784 1327 848 secernit
1347 779 1392 847 τὰ

232 878 447 967 πραγματικὰ
464 887 508 967 (p.
524 887 596 966 455,
610 886 663 958 30)
679 880 866 968 διηγήματα
880 889 910 969 Ι),
927 880 948 948 ἃ
964 884 1019 948 καὶ
1035 880 1185 948 ὁικανικὰ
1200 884 1390 961 καλοῦνται,

234 1005 317 1068 quae
346 986 444 1069 paulo
472 991 547 1069 post
574 987 617 1068 (p.
635 988 712 1069 456,
728 989 760 1064 6)
791 995 944 1052 vocantur
971 982 1013 1050 τὰ
1042 982 1076 1050 ἐν
1103 997 1174 1062 τοῖς
1202 985 1392 1062 πολιτικοῖς
1486 989 1487 992 ’

233 1079 340 1171 ἀγῶσι
376 1083 551 1170 λεγόμεναι
590 1087 682 1154 vides
717 1088 877 1172 prolecto,
914 1096 1111 1172 quantopere
1140 1095 1208 1154 tum
1236 1090 1391 1174 temporis

232 1189 383 1255 civiles
412 1188 633 1255 contentiones
666 1209 770 1273 paene
799 1209 863 1255 nou
895 1191 959 1255 sint
985 1190 1048 1256 nisi
1082 1191 1114 1254 in
1142 1190 1249 1256 causis
1283 1189 1391 1255 iudi-

232 1291 417 1357 cialibus.
1035 1365 1039 1372 ,

316 1391 390 1458 Non
413 1393 526 1474 timeo,
549 1413 590 1458 ne
613 1394 685 1476 quis
707 1391 787 1458 mihi
810 1393 1048 1476 neglegentiam
1072 1394 1127 1459 det
1149 1394 1340 1477 opprobrio,
1362 1397 1391 1460 si

230 1497 295 1561 iam
333 1493 429 1560 finem
468 1495 586 1560 faciam
620 1494 912 1578 percensendorum
946 1496 1155 1579 scriptorum;
1193 1504 1266 1562 sunt
1293 1499 1389 1577 enim,

231 1599 286 1680 qui
317 1603 507 1680 sequuntur,
540 1618 605 1663 non
633 1598 695 1663 nisi
724 1598 915 1680 interpretes
944 1617 1069 1681 eorum,
1104 1619 1184 1681 quos
1216 1599 1391 1666 maximam

231 1705 358 1781 partem
381 1718 423 1765 ex
446 1700 588 1782 ipsorum
615 1699 706 1765 libris
729 1700 807 1765 satis
830 1699 1068 1782 cognoscimus,
1096 1719 1200 1783 neque
1223 1721 1311 1784 raro,
1336 1702 1391 1767 ubi

232 1807 343 1884 aptum
373 1801 466 1868 nobis
495 1801 681 1884 videbatur,
711 1802 900 1867 sententiam
930 1799 1175 1868 scholiastarum
1198 1803 1310 1869 sedulo
1335 1823 1390 1869 ex·

232 1903 439 1968 aminandam
455 1905 648 1970 curavimus.
692 1905 805 1986 Atqui
820 1923 885 1968 non
899 1904 1035 1968 multum
1051 1905 1114 1969 sibi
1129 1911 1263 1988 possunt
1285 1906 1391 1970 laudis

234 2005 412 2088 vindicare,
436 2025 491 2072 eos
507 2005 682 2072 admodum
705 2005 808 2088 iniqui
823 2012 872 2072 est
893 2004 1053 2088 fraudare,
1076 2008 1104 2072 si
1119 2007 1249 2072 omnino
1264 2007 1391 2090 aliquid

234 2115 425 2174 meruerunt.

318 2211 452 2277 Restant
473 2211 557 2276 enim
580 2217 643 2276 tres
667 2211 720 2276 vel
742 2211 787 2276 sis
809 2216 959 2293 quattuor
980 2209 1216 2277 rhetoricae
1239 2210 1389 2276 defini-

230 2313 385 2395 tiones,
409 2332 493 2396 quae
511 2319 585 2396 post
607 2311 669 2408 hoe
691 2321 817 2395 tempus
833 2313 1011 2378 valuerunt.
1057 2311 1199 2390 Quarum
1222 2314 1327 2397 prima
1342 2321 1392 2380 est

232 2413 375 2498 Sopatri:
399 2408 416 2478 ὁ
442 2413 478 2479 δὲ
502 2412 606 2478 δοκῶν
630 2409 664 2477 εὖ
689 2411 773 2494 ’ἐχειν
803 2404 904 2499 (ὅρος)
931 2405 1029 2490 οὗτός
1052 2411 1140 2479 ἔστι·
1165 2411 1304 2495 δύναμις
1334 2414 1391 2479 io·
1491 2441 1492 2452 ¹

231 2513 304 2604 γικὴ
340 2515 374 2581 ὲν
407 2515 579 2601 πράγματι
616 2515 824 2600 πολιτικῷ
860 2516 955 2591 τέλος
988 2513 1109 2595 ἐ’χουσα
1141 2511 1179 2579 τὸ
1215 2501 1249 2580 εὖ
1284 2517 1390 2601 λέγειν

231 2619 338 2699 (W.V
359 2624 405 2684 17.
422 2623 480 2697 4.·1)
510 2619 571 2684 VII
593 2621 644 2701 34,
660 2622 696 2702 6,
731 2619 786 2684 ubi
808 2639 867 2703 pro
891 2616 990 2702 λόγου
1012 2619 1183 2686 manifesto
1206 2620 1392 2703 ponendum

233 2719 374 2810 λογική),
391 2723 525 2788 alteram
542 2728 576 2786 ut
590 2722 732 2788 omnium
748 2721 1057 2806 praestantissimam
1072 2721 1178 2787 ferunt
1193 2721 1392 2789 Maximus

231 2824 442 2892 Planudes
465 2823 525 2902 (W.
543 2824 659 2906 11214,
677 2826 723 2905 1),
753 2824 987 2906 Doxopater
1008 2823 1071 2900 (W.
1085 2823 1118 2888 ΙΙ
1138 2827 1208 2906 1115,
1226 2828 1254 2889 7.
1272 2829 1324 2907 74,
1340 2827 1392 2889 24.

233 2931 284 3010 93,
304 2932 363 3010 11),
387 2927 554 2992 Troilus
576 2925 637 3003 (W.
656 2924 699 2989 VI
715 2927 765 3006 53,
782 2926 824 3009 5),
855 2944 1082 3008 anonymus
1112 2925 1326 3006 (77111611,
1347 2930 1391 3004 1);

233 3026 386 3115 ῥητορική
417 3024 488 3091 ἐστι
517 3030 611 3111 τέχνη
642 3027 722 3110 περὶ
751 3024 847 3110 λόγου
877 3023 1016 3107 δύναμιν
1039 3023 1072 3090 ἐν
1097 3025 1269 3112 πράγματι
1291 3027 1394 3092 πολι-

232 3133 313 3215 τικῶ
341 3130 435 3204 τέλος
466 3127 585 3209 ἔχουσα
613 3125 650 3192 τὸ
683 3129 841 3203 πιθανῶς
871 3125 979 3192 εἰπεῖν
1008 3125 1093 3192 κατὰ
1118 3125 1156 3192 τὸ
1181 3127 1393 3210 ἐνδεχόμενον

233 3229 283 3310 (τό
308 3235 446 3295 πείθειν
474 3221 555 3295 ὅσον
582 3221 638 3316 ἐφ’
668 3227 768 3314 ἑαυτῇ
797 3230 925 3296 Troilus
949 3233 970 3294 l.
992 3231 1042 3312 l.);
1069 3232 1182 3296 ultima
1210 3239 1394 3298 asservatur

322 3389 346 3447 1)
365 3381 415 3436 Vel
427 3383 456 3435 in
470 3382 522 3434 huo
537 3395 567 3434 re
579 3379 720 3448 intellegis,
738 3394 819 3448 quam
836 3379 908 3434 iusta
920 3380 956 3433 sit
967 3388 1033 3434 nota
1045 3379 1092 3432 illa
1104 3379 1184 3433 Fabii
1203 3380 1236 3434 de
1253 3382 1394 3436 rhetorum

234 3467 411 3523 innovandis
430 3466 552 3521 terminis
569 3479 639 3520 uano
657 3465 746 3519 studio
764 3465 882 3533 querela.
918 3463 989 3518 Nam
1007 3463 1079 3532 quod
1094 3464 1129 3518 ad
1148 3465 1264 3519 thesium
1283 3469 1311 3519 et
1328 3482 1392 3520 nar·

234 3553 369 3609 rationum
382 3551 595 3617 disiunctionem,
614 3549 718 3615 Theon,
736 3549 927 3617 Hermogenes,
939 3549 1123 3617 Aphthonius,
1141 3549 1280 3615 Nicotaus,
1299 3566 1394 3605 omnes

235 3641 306 3694 iuter
325 3654 354 3692 se
372 3636 544 3692 dissentiunt.
580 3635 703 3690 Eandem
721 3651 799 3700 vero,
818 3651 898 3703 quum
917 3633 1027 3700 Theon,
1045 3637 1158 3703 praebet
1177 3635 1271 3690 Cicero
1289 3637 1393 3705 (partit.

235 3741 274 3779 or.
291 3728 330 3788 18,
343 3727 385 3788 61)
403 3723 646 3790 quaestionum
659 3721 840 3790 partitionem,
858 3719 982 3774 videlicet
995 3713 1221 3788 ‘cognitionis
1234 3727 1265 3774 et
1278 3721 1392 3777 actio·

236 3803 300 3864 nis'
319 3817 362 3872 (π
374 3810 561 3879 θεωρητικῶν
578 3810 606 3860 et
623 3810 808 3878 πρακτικῶν).

322 3900 345 3958 λ)
365 3893 425 3947 Hoc
442 3893 514 3960 loco,
532 3899 563 3946 ut
574 3906 640 3946 sane
653 3891 784 3960 procedat
801 3891 943 3956 sententia,
961 3907 986 3943 v.
1002 3895 1030 3942 11
1052 3887 1194 3943 delendum
1213 3891 1324 3946 verbum
1342 3912 1393 3949 νιο·

236 3981 334 4052 λιτικῷ
352 3983 383 4032 ut
400 3994 417 4030 a
435 3978 518 4032 stulto
541 3977 648 4032 homine
672 3977 816 4042 inscrtum
838 3975 937 4029 lineola
960 3980 990 4029 15
1014 3975 1053 4028 sic
1071 3974 1256 4030 scribendum:
1279 3974 1392 4048 ῥητορι-

234 4068 292 4136 κῆς.
307 4057 402 4128 ίτέλος
420 4058 525 4134 Ξ-’χουσα
545 4057 578 4119 τὸ
598 4053 629 4119 εὖ
647 4053 756 4132 λέγειν’.
780 4059 815 4114 cf.
835 4060 877 4114 W.
896 4060 937 4114 111
956 4064 1015 4128 462,
1028 4065 1052 4116 4.
1071 4059 1109 4115 lV
1129 4064 1169 4126 26,
1183 4066 1207 4115 7.
