2990 4886
296 314 338 375 De
355 320 494 376 notionum
511 317 659 387 πολιτικὸς
676 329 704 376 et
721 317 860 394 σοφιστὴς
877 338 928 378 usu
945 323 1088 378 rhetorico.
1206 325 1267 381 147

118 496 222 579 Alex,
240 495 457 560 Heiibronnae
472 516 503 579 p.
517 497 535 560 8
552 498 622 578 sq.),
638 495 680 559 ad
697 514 790 578 quem
806 497 848 562 ab
865 497 1021 579 omnibns,
1038 497 1092 580 qui
1108 505 1181 579 post
1196 517 1270 563 eum

119 596 202 663 hanc
217 617 283 663 rem
300 597 479 680 tetigerunt,
502 597 693 679 relegamur.
731 595 923 680 Spengelius
947 605 979 665 et
993 598 1170 666 Finoklrius
1193 620 1267 666 oon-

118 700 291 766 sentientes
319 705 437 782 negant
464 698 593 782 probari
621 717 717 781 posse
745 706 907 765 auctorem
937 701 1142 784 epidicticum
1168 722 1272 786 genus

118 801 290 884 agnovisse
306 835 348 844 —
364 802 483 885 optimo
499 801 568 865 iure
591 801 688 865 etiam
708 819 780 865 mea
795 804 967 886 sententia;
990 803 1139 870 videntur
1161 813 1268 870 autem

117 903 201 968 insto
223 902 349 985 longius
372 901 562 986 procedere,
594 922 664 968 cum
688 908 801 984 putant
830 922 900 968 eum
930 907 1024 987 γένος
1047 903 1271 970 ἐπιδεικτικὸν

117 1025 182 1069 non
205 1003 422 1085 constituisse,
452 1003 538 1086 quod
566 1009 629 1070 no'n
657 1005 703 1069 ita
726 1004 805 1068 mihi
826 1007 988 1088 probatur.
1033 1007 1127 1073 Gerte
1149 1007 1191 1072 ad
1213 1028 1268 1073 no-

118 1115 216 1174 stram
231 1126 298 1172 rem
315 1105 377 1170 hoc
392 1107 540 1172 statuisse
556 1125 618 1171 non
643 1107 720 1171 satis
744 1114 807 1172 est:
830 1108 922 1174 nobis
946 1108 1040 1192 enim,
1063 1117 1097 1173 ut
1119 1117 1269 1176 accurate

118 1229 185 1275 rem
202 1209 410 1288 delineemuS,
433 1206 495 1272 hoc
518 1215 566 1274 est
588 1209 815 1291 quaerendum,
841 1229 928 1274 num
951 1210 999 1274 ad
1023 1207 1065 1273 λδ
1074 1234 1169 1294 γους
1193 1235 1271 1275 rcc-

120 1305 308 1382 λιτικοδς
342 1329 425 1389 eas,
461 1328 571 1391 quas
594 1331 677 1395 cap.
700 1311 826 1374 XXXV
860 1319 1026 1396 tractat,
1061 1316 1272 1382 orationes

118 1418 261 1479 auctor
284 1411 535 1492 adnumeret,
564 1413 595 1477 si
620 1413 765 1495 minus,
797 1412 894 1496 quid
917 1414 965 1479 de
993 1414 1053 1481 his
1077 1417 1270 1483 orationi-

118 1515 191 1580 bus
214 1513 290 1580 hoe
312 1513 402 1579 loco
424 1515 616 1579 tractatis
635 1514 979 1580 iudicandumsit.
1017 1515 1107 1594 Quae
1122 1519 1168 1584 ita
1191 1518 1270 1583 mihi

118 1616 267 1683 videntur
289 1615 515 1698 disceptanda:

205 1720 325 1785 Auctor
346 1717 426 1783 rhet.
442 1718 484 1783 ad
500 1719 550 1783 Al.
567 1718 633 1803 (Sp.
649 1720 751 1802 1174,
770 1720 820 1795 15)
844 1718 925 1785 haec
943 1719 1089 1786 exhibet:
1114 1720 1172 1786 δύο
1194 1724 1270 1807 γένη

118 1825 185 1886 uror
208 1819 443 1886 πολιτικιῦν’
414 1843 479 1885 εισι
504 1821 624 1944 λόγων,
652 1818 689 1886 τὸ
713 1820 773 1903 μὲν
797 1818 1032 1941 δημηγορικὸν,
1055 1820 1093 1886 τὸ
1119 1823 1154 1888 δὲ
1178 1823 1271 1887 δικα·

120 1922 226 1989 νικόι·
251 1922 321 2042 ε’ίδη
340 1921 375 1987 δὲ
391 1921 518 1986 τούτων
534 1920 630 2001 ἑπτὰ,
654 1921 910 2041 annumeremur,
935 1915 968 1986 ἆ
960 1923 1194 2005 aresceremus,
1219 1923 1271 2010 ἑγ-

120 2023 358 2146 κιομιαστικδν,1
372 2023 539 2109 ψεκτικδν,
558 2022 782 2111 κατηγορικὸν,
808 2022 1052 2112 ἀπολογητικδν
1067 2051 1123 2092 και
1113 2025 1273 2104 ἐξετασ-

120 2125 214 2195 τικὸν
237 2117 257 2213 r'p
281 2119 361 2192 adad
385 2118 467 2190 aad
495 2121 574 2191 adad
599 2151 618 2212 η
643 2124 729 2208 πρὸς
752 2120 846 2190 ἄλλα.
885 2126 925 2192 κδ
948 2131 1010 2211 μὲν
1033 2125 1090 2194 οὖν
1114 2128 1184 2214 εἴδη
1207 2132 1274 2194 τῶν

121 2230 228 2315 λόγων
250 2231 398 2294 τοσαῦτα
415 2221 554 2314 ἇριδῃ
515 2253 552 2292 uc
578 2225 658 2308 ἐστι,
679 2226 880 2314 χρησόμεθα
897 2223 1063 2308 δὲαιιτοῖς
1083 2229 1116 2296 δν
1139 2254 1175 2295 τε
1197 2244 1273 2307 ταῖς

119 2347 247 2410 κοιναῖς
263 2332 481 2419 δημηγορίαις
497 2333 551 2397 καὶ
568 2332 737 2410 τοῖςπερὶ
754 2329 795 2394 τὰ
819 2329 1007 2414 συμβόλαια
1032 2327 1273 2416 δικαιολογίαις

119 2437 176 2500 καὶ
198 2447 273 2510 ταῖς
297 2433 400 2511 ἰδίαις
423 2429 581 2515 ὁμιλίαις.
626 2433 774 2500 Profecto
803 2434 1004 2516 occasiones,
1035 2435 1150 2518 quibus
1173 2435 1274 2499 πολι-

120 2535 231 2614 τικοὺς
255 2535 371 2622 λόγους
397 2537 544 2603 adhiberi
574 2542 680 2620 putat,
712 2544 777 2600 tam
807 2537 892 2602 clare
922 2536 972 2602 his
1001 2538 1108 2602 verbis
1138 2538 1274 2620 scriptor

120 2642 199 2707 artis
223 2645 386 2706 enumerat
408 2645 525 2704 ettam
549 2639 718 2722 perspicue
741 2637 828 2718 dicit,
852 2658 935 2720 quae
958 2659 1077 2721 genera
1099 2636 1274 2702 πολιτικὸν

122 2742 218 2826 λόγον
242 2741 397 2824 efficiant,
421 2747 455 2805 ut
476 2740 595 2805 nemini
618 2739 750 2804 dubium
774 2759 845 2806 esse
867 2742 983 2822 possit,
1014 2741 1089 2823 quin
1113 2742 1273 2807 orationes

121 2845 163 2911 ad
188 2845 290 2912 solam
314 2843 391 2910 artis
414 2841 658 2908 ostentationem
674 2841 776 2906 saetas
795 2861 947 2926 moraque
970 2843 1002 2906 in
1017 2841 1203 2907 laudatione
1218 2849 1273 2908 aut

120 2948 358 3030 vituperatione
385 2951 550 3011 versantes
583 2944 625 3009 ad
660 2963 715 3010 eos
748 2945 908 3027 pertinere
941 2945 1071 3009 minime
1106 2947 1273 3010 censuerit.

120 3050 228 3132 Atque
251 3054 345 3129 errat,
369 3047 395 3112 si
419 3047 490 3129 quis
514 3046 626 3128 exiis,
650 3065 729 3128 quas
753 3039 842 3121 εἶδος
859 3041 1118 3129 ἐγκωμιαστικὸν
1137 3053 1168 3112 et
1190 3055 1273 3128 ψεκ-

120 3147 215 3216 τικδν
236 3150 390 3234 appellat,
414 3149 583 3233 speciebus
605 3147 693 3212 aliud
716 3149 794 3231 quid
818 3148 1033 3232 colligendum
1057 3155 1157 3232 putat.
1202 3148 1272 3214 Hae

49 3327 51 3332 ,
121 3253 207 3319 enim
231 3253 357 3335 species
384 3271 448 3316 non
478 3251 582 3316 minus
612 3269 708 3332 quam
739 3256 865 3316 ceterae
891 3251 1002 3332 iniis,
1033 3270 1112 3333 quas
1139 3251 1272 3334 notavit,

122 3354 272 3422 civilibus
302 3353 498 3418 orationibus
526 3353 630 3418 looum
661 3351 796 3434 habent3
824 3353 910 3435 quod
940 3355 1045 3418 elucet
1072 3353 1208 3435 primum
1232 3372 1273 3418 ex

121 3457 178 3535 iis,
210 3475 292 3538 quae
316 3455 702 3539 dicitSp.1186-188:
732 3452 941 3537 προθέμενοι
964 3451 999 3517 δὲ
1029 3451 1132 3516 πάλιν
1155 3450 1273 3540 ἐφεξῆς

122 3558 159 3625 τό
193 3582 231 3623 τε
261 3553 518 3642 ἐγκωμιαστικὸν
553 3551 641 3632 εἶδος
673 3557 727 3620 καὶ
761 3553 798 3620 τὸ
834 3552 993 3638 ψεκτικδν
1026 3553 1271 3638 περιλάβωμεν.

122 3659 355 3748 Σολλήβδηνμ
357 3659 403 3725 ιὲν
432 3645 490 3724 οὖν
519 3656 609 3724 ἐστιν
638 3655 897 3743 ἐγκωμιαστικὸν
927 3651 1016 3734 εἶδος
1042 3661 1271 3740 ιιροαιρεοειον

121 3766 178 3830 καὶ
207 3760 363 3846 πράξεων
391 3763 446 3827 καὶ
477 3759 583 3845 λόγων
609 3758 751 3881 εγδόξιιιν
775 3754 910 3858 αὔξησις
933 3757 1053 3848 καὶμὴ
1076 3758 1271 3844 προσόντων

122 3869 386 3940 σονοικείωσις.
443 3860 686 3929 .ἒιιαινεκὰι
663 3861 724 3944 μὲν
754 3857 811 3926 οὖν
842 3860 911 3928 ἐστι
940 3861 1121 3986 πράγματα
1149 3863 1190 3926 τὰ
1221 3861 1272 3926 δί-

121 3995 201 4036 καια
224 3967 279 4034 καὶ
302 3963 344 4031 τὰ
367 3965 492 4048 νόμιμα
513 3966 569 4030 καὶ
591 3963 634 4030 τὰ
657 3967 871 4050 συμφέροντα
899 3965 954 4029 καὶ
978 3962 1019 4028 τὰ
1042 3963 1128 4030 καλὰ
1151 3966 1205 4029 καὶ
1228 3961 1270 4027 τὰ

122 4068 205 4162 ἡδέα
233 4071 287 4136 καὶ
318 4067 359 4135 τὰ
389 4066 489 4158 ῥᾴδια
518 4069 714 4155 πραχθῆναι
743 4117 750 4131 .
775 4117 781 4130 .
807 4115 814 4132 .
845 4065 897 4130 δεῖ
924 4065 959 4130 δὲ
987 4065 1045 4132 τὸν
1076 4059 1272 4150 εὐλογοῦντα

1068 4168 1120 4220 10*
