2990 4886
228 325 288 384 186
647 324 760 380 Carolus
778 324 983 382 Brandstaetter

227 517 380 582 mogenes
403 499 500 564 etiam
524 497 683 564 orationes
707 498 904 564 contionales
921 507 954 565 et
968 499 1138 566 iudiciales
1156 504 1189 565 et
1202 499 1276 565 illas
1292 519 1310 564 e
1325 519 1385 583 ge·

227 619 304 668 nere
326 601 533 687 panegyrico,
557 619 639 682 quae
655 606 823 666 versantur
837 599 869 664 in
886 601 974 667 civili
997 601 1195 684 quaestione,
1217 602 1381 682 specia-
1485 673 1486 676 Ἴ

227 703 326 768 litor
353 703 482 768 nomine
511 701 687 765 πολιτικοῦ
717 698 815 784 λόγου
845 703 1067 786 complectitur
1092 708 1125 769 et
1152 703 1291 770 secernit
1319 701 1386 768 hoo

227 805 357 872 nomine
372 805 414 870 ab
430 804 576 870 omuibus
592 803 632 870 iis
648 805 775 888 generis
794 805 983 888 panegyrici
1006 801 1223 889 συντάγμασι,
1247 823 1385 887 quorum

227 913 416 991 argumenta
427 926 491 972 non
502 912 575 972 sunt
586 906 707 972 civilia.
737 905 840 984 Quam
857 906 1093 974 distinctionem
1108 908 1191 974 inter
1205 904 1384 970 πολιτικὸν

229 1016 261 1076 et
275 1004 500 1093 πανηγυρικὸν
523 1005 620 1091 λόγον
637 1027 684 1090 eo,
708 1008 884 1092 quomodo
907 1009 1059 1092 diximus,
1083 1029 1178 1077 sensu
1193 1010 1385 1093 intellegen-

228 1110 481 1178 dos-clarissime
496 1111 631 1194 praebet
646 1111 866 1194 Hermogenes
881 1113 914 1176 in
930 1110 1034 1178 hisce:
1057 1111 1126 1196 (Sp.
1142 1112 1174 1178 11
1189 1117 1262 1195 410,
1281 1117 1295 1176 1
1311 1132 1384 1196 sqq.
1485 1159 1486 1186 ι

229 1213 438 1290 w.111380)
462 1211 513 1277 dei
536 1210 571 1276 δὲ
595 1203 781 1295 ἀναγκαίως
804 1211 968 1295 πρότερον
992 1210 1132 1278 εἰπόντα
1155 1210 1212 1280 διὰ
1233 1217 1386 1297 βραχέων
1485 1291 1486 1296 ¹

227 1319 279 1391 τίς
294 1309 311 1380 ὁ
330 1309 447 1391 ἅπλῶς
465 1313 639 1390 πολιτικὸς
655 1313 752 1398 λόγος
775 1364 783 1379 .
801 1364 808 1378 .
826 1365 833 1378 .
852 1316 905 1379 καὶ
923 1319 974 1391 τίς
990 1309 1007 1380 ὃ
1027 1310 1144 1392 ἁπλοῦς
1158 1315 1387 1403 πανηγυρικός

229 1467 288 1483 ...
312 1418 391 1502 περὶ
407 1409 571 1482 τῶνκαθ’
600 1415 656 1481 ἕνα
679 1415 777 1501 λόγον
797 1409 900 1492 ἀξίων
923 1410 1051 1500 ἀνδρῶν
1074 1469 1107 1484 ..
1127 1423 1384 1504 χαρακτηρίσαι.

227 1520 367 1588 Disserit
388 1522 485 1604 igitur
499 1521 630 1605 proprio
646 1521 717 1586 loco
733 1520 775 1586 de
791 1519 954 1604 πολιτικῷ
974 1519 1061 1606 λόγῳ
1084 1522 1191 1606 deque
1205 1523 1256 1605 iis,
1280 1523 1386 1604 quiin

230 1642 268 1690 eo
283 1624 485 1706 potissimum
501 1623 731 1704 excelluerunt,
747 1625 877 1708 proprio
893 1623 934 1690 de
950 1625 1140 1708 panegyrici
1154 1625 1281 1708 generis
1297 1626 1386 1708 prin·
1485 1705 1486 1708 Ἴ

231 1725 371 1810 cipibus,
394 1732 492 1809 atque
506 1726 560 1791 vel
575 1725 621 1791 ita
636 1725 720 1791 hanc
741 1727 947 1809 partitionem
970 1729 1183 1811 persequitur,
1205 1733 1240 1794 ut
1255 1727 1304 1792 illi
1320 1728 1386 1792 De-

230 1827 447 1910 mosthenem,
471 1827 546 1894 huic
568 1828 735 1894 Platonem
759 1827 872 1895 ducem
896 1831 1024 1913 tribuat,
1048 1849 1241 1913 quamquam
1266 1831 1386 1897 Demo·
1485 1861 1486 1906 3

229 1929 359 1996 sthenes
382 1930 477 1998 simul
500 1931 676 1996 eommunis
701 1931 788 1996 illius
812 1938 844 1996 ot
865 1932 1058 1998 universalis
1087 1931 1262 1997 πολιτικοῦ
1285 1929 1386 2016 λόγον
1485 1923 1486 2004 ἕ

229 2033 497 2115 perfectissimum
520 2038 568 2098 est
594 2034 769 2116 exemplar.
1485 2107 1486 2122 χ

316 2135 440 2218 Itaque,
463 2133 550 2217 quod
566 2135 652 2201 clare
668 2135 787 2200 dictum
802 2155 959 2218 nusquam
981 2136 1100 2218 inveni,
1124 2135 1277 2220 duplex
1293 2141 1312 2213 ¹)
1337 2145 1388 2204 est
1485 2187 1486 2194 ι

230 2236 317 2320 apud
333 2237 569 2320 Hermogenem
592 2235 766 2299 πολιτικοῦ
790 2234 886 2320 λόγου
907 2237 1005 2318 notio,
1028 2238 1131 2304 altera
1152 2239 1330 2322 amplior
1353 2247 1386 2306 et
1485 2271 1486 2276 ν

233 2340 325 2422 quasi
355 2338 525 2421 generalis,
556 2339 658 2404 altera
683 2339 835 2403 artior
865 2346 897 2405 et
926 2339 1090 2423 specialis:
1129 2341 1215 2424 qood
1245 2343 1387 2407 maxime

232 2440 469 2525 respiciendum
499 2446 564 2520 est,
597 2442 624 2506 si
654 2441 750 2507 modo
779 2449 864 2507 reete
894 2442 1105 2524 Hermogenis
1133 2443 1283 2509 subtilem
1311 2443 1386 2510 doc·

231 2545 346 2609 trinam
374 2542 539 2609 studemus
569 2543 747 2609 enucleare.
785 2544 853 2608 Iam
880 2543 921 2610 de
949 2552 1084 2627 utroquo
1113 2565 1171 2612 usu
1202 2565 1307 2631 pauca
1328 2546 1385 2612 ad-

231 2645 338 2712 denda
360 2651 442 2712 sunt.

317 2748 380 2812 Illa
391 2748 487 2830 igitur
503 2748 759 2832 amplissima
771 2749 947 2812 πολιτικοῦ
961 2745 1058 2831 λόγου
1074 2751 1162 2814 notio
1178 2749 1386 2833 contionales,
1485 2777 1486 2812 1

233 2850 411 2932 iudiciales,
435 2850 548 2916 civiles
564 2851 776 2934 panegyricas
796 2851 966 2932 orationes,
990 2856 1142 2916 tractatus
1159 2851 1228 2917 sive
1243 2851 1386 2935 philoso·
1485 2879 1486 2940 }

233 2953 347 3038 phicos
370 2953 439 3018 sive
456 2951 625 3018 historicos
640 2953 710 3018 sive
725 2953 807 3019 alios
822 2954 928 3019 soluta
943 2952 1087 3018 oratione
1110 2955 1315 3036 compositos,
1339 2963 1386 3020 to·

234 3064 301 3122 tum
323 3055 462 3137 denique
479 3055 586 3138 poesis
609 3075 742 3138 regnum
758 3075 823 3121 una
837 3055 1052 3140 amplectitur;
1075 3061 1161 3120 recte
1179 3074 1254 3138 ergo
1271 3055 1387 3120 Baum·

234 3158 355 3241 gartius
371 3157 393 3220 l.
406 3158 426 3221 l.
443 3176 474 3240 p.
492 3159 551 3220 201
570 3156 622 3232 (cf.
635 3156 713 3222 ibid.
726 3179 757 3242 p.
771 3159 843 3232 226)
860 3157 951 3223 dicit:
969 3157 1073 3231 ,scine
1089 3153 1237 3218 Ste'llelorc
1252 3155 1388 3239 unrscsst

235 3394 330 3448 Rhet²
346 3409 373 3461 p.
391 3396 434 3456 24)
459 3392 617 3451 historicum
635 3408 719 3460 genus
737 3399 767 3447 ut
785 3399 908 3460 quartum
933 3392 1085 3447 rhetoricae
1102 3406 1243 3460 perperam
1261 3391 1388 3448 ferretur.

233 3480 267 3534 cf.
286 3493 370 3547 supra
387 3493 413 3546 p.
430 3481 477 3532 168
496 3478 559 3532 adn.
579 3482 603 3532 3.

322 3585 345 3646 1)
366 3581 410 3636 Sic
428 3580 493 3634 mihi
510 3596 566 3635 rem
585 3580 668 3649 fingo:
784 3651 785 3654 Ἴ

573 3689 637 3742 πολ.
656 3685 719 3756 λόγ.
736 3685 756 3738 Ι.

386 3753 1053 3890 Α

302 3894 368 3946 πολ.
388 3886 449 3961 λόγ.
467 3890 503 3944 11.
990 3907 1091 3958 πανηγ,
1111 3881 1163 3944 οὐκ
1180 3886 1212 3944 ἐν
1230 3891 1294 3945 πολ.
1313 3890 1372 3959 ζητ.

236 3957 672 4096 Q
1039 3957 1287 4090 N

235 4115 260 4165 γ.
276 4099 360 4168 coppi.
404 4115 429 4166 γ.
449 4098 536 4149 ὁικαν.
580 4093 637 4164 γέν.
657 4112 759 4164 πανηγ.
777 4090 808 4149 ἐν
826 4097 890 4150 πολ.
910 4095 967 4163 ζητ.
998 4089 1170 4164 καταλογάιλ
1219 4090 1249 4147 ἐν
1267 4088 1390 4164 ποιήσει.
