2990 4886
224 332 284 390 138
634 330 745 386 Carolus
764 329 967 386 Brandstnetter

223 506 422 571 inveniemus
451 503 539 588 apud
567 503 649 570 alios
676 506 792 570 multos
815 502 959 570 rhetores
981 538 1024 548 -
1046 502 1283 588 oppositionem
1307 523 1380 570 esse

223 607 305 672 inter
336 606 608 672 demonstrativos
631 607 791 672 orationes
821 613 853 672 et
883 596 1103 678 ‘polluunt-9³
1141 601 1258 688 λόγους
1291 605 1380 689 apud

222 706 409 776 Isocratem.
433 743 474 754 -

311 811 381 877 Huo
403 810 528 877 aceedit
550 810 632 876 alter
654 808 742 892 apud
765 808 901 874 eundem
929 810 1018 876 vonis
1041 805 1216 883 πολιτικὸς
1239 828 1314 875 usus
1338 844 1378 854 -

224 914 335 980 omitto
351 914 437 978 enim
453 913 560 979 omnia
575 931 657 995 quae
673 931 736 976 non
752 917 898 995 spectant
913 910 955 976 ad
970 931 1021 978 res
1037 910 1213 978 rhetoricas
1227 911 1247 986 ¹)
1272 945 1314 956 -
1337 911 1379 976 ab

224 1035 277 1098 eo,
308 1034 403 1098 quem
426 1013 531 1080 adhue
554 1014 861 1095 demonstravimus,
884 1014 979 1096 longe
1002 1013 1182 1080 discedens.
1227 1013 1380 1096 Legimus

224 1119 308 1184 enim
330 1138 374 1183 or.
398 1117 446 1182 IX
465 1120 503 1180 10
519 1117 659 1199 (Euag.):
688 1122 772 1192 (τοῖς
800 1113 860 1196 μὲν
884 1127 1043 1202 ποιηταῖς
1066 1112 1185 1193 ἔξεστι)
1206 1111 1252 1201 μὴ
1275 1111 1379 1196 μόνον

223 1231 294 1295 τοῖς
309 1221 521 1302 τεταγμένοις
536 1210 708 1300 ύνύμασιν,
733 1211 816 1282 ἀλλὰ
832 1214 873 1281 τὰ
897 1217 957 1298 μὲν
980 1215 1095 1295 ξένοις,
1118 1213 1160 1280 τὰ
1184 1214 1219 1281 δὲ
1242 1228 1380 1291 καινοῖς,

224 1319 265 1386 τὰ
282 1321 317 1385 δὲ
331 1332 540 1406 μεταφοραῖς
555 1318 728 1407 (δηλῶσαι)
745 1323 800 1385 καὶ
815 1318 917 1406 μηδὲν
940 1319 1157 1404 παραλιπεῖν,
1182 1311 1268 1382 ἀλλὰ
1291 1321 1380 1383 πᾶσι

224 1437 294 1500 τοῖς
311 1422 415 1488 εἴδεσι
432 1422 642 1488 διαποικίλαι
657 1420 716 1510 τὴν
739 1427 893 1508 ποίησιν·
915 1435 987 1498 τοῖς
1002 1421 1038 1487 δὲ
1060 1423 1138 1506 περὶ
1162 1419 1240 1498 τούς
1263 1419 1381 1504 λόγους

225 1519 321 1591 οὐδὲν
350 1524 457 1602 ἔξεστι
484 1527 551 1590 τῶν
572 1524 750 1603 τοιούτων,
782 1517 856 1588 ἀλλ’
884 1518 1066 1607 ἀποτόμους
1088 1525 1143 1589 καὶ
1166 1526 1232 1588 τῶν
1254 1521 1381 1606 ὀνομά-

224 1652 290 1692 των
312 1640 384 1704 τοῖς
407 1628 648 1704 πολιτικοῖς
670 1625 773 1710 μόνον
796 1629 851 1692 καὶ
870 1630 937 1692 τῶν
954 1624 1197 1712 ἐνθυμημάτων
1212 1638 1283 1702 τοῖς
1299 1628 1379 1708 περὶ

225 1723 328 1806 αὐτὰς
350 1727 411 1805 τὰς
433 1728 573 1813 πράξεις
596 1722 774 1814 ἆναγκαῑόν
797 1727 868 1794 ἐστι
887 1731 1047 1816 χρῆσθαι.
1092 1725 1297 1794 πολιτικὰ
1321 1731 1379 1812 igi-

224 1841 274 1899 tur
290 1824 439 1914 ύνόμαια
454 1834 667 1918 appellantur,
692 1853 774 1916 quae
789 1834 887 1917 paulo
909 1840 1005 1899 antee
1026 1833 1109 1898 dixit
1124 1854 1193 1895 τετ
1204 1834 1379 1915 αγμένα,

225 1943 427 2021 opponuntur
449 1937 489 2002 iis
513 1934 632 2001 diserte
653 1933 737 2014 ξένα,
761 1932 869 2014 καινὰ,
892 1938 1093 2020 μεταφοραί,
1116 1935 1137 1999 ἰ.
1154 1953 1181 2000 e.
1199 1935 1379 2018 peregrina,

224 2058 318 2121 nova,
341 2038 504 2103 translata.
543 2035 605 2116 Qui
628 2058 703 2104 usus
726 2038 812 2104 unde
834 2037 1028 2122 repetendus
1049 2036 1207 2118 videatur,
1232 2037 1259 2102 si
1283 2055 1381 2118 quae·
1485 2097 1486 2102 ,

224 2140 332 2221 rimus,
356 2139 437 2205 illud
460 2145 581 2206 eertum
603 2147 680 2223 puto
704 2160 774 2208 esse
797 2135 955 2205 πολιτικὰ
980 2138 1060 2206 haee
1075 2139 1234 2204 voeabula
1255 2138 1296 2203 ab
1313 2137 1379 2204 Iso·
1485 2177 1486 2194 t

225 2248 311 2307 orote
334 2243 511 2325 nuncupari
533 2248 719 2326 propterea,
748 2241 835 2324 quod
856 2243 889 2306 in
912 2241 1041 2327 publieo
1065 2241 1183 2306 nivium
1206 2259 1265 2306 usu
1288 2239 1380 2305 adhi-

226 2345 294 2410 beri
310 2345 414 2410 solent
429 2345 543 2426 iisque‚
566 2363 682 2426 quase
704 2345 811 2410 multis
835 2344 1043 2428 scriptoribus
1068 2338 1245 2417 πολιτικὰς
1267 2342 1379 2425 appel·

224 2447 285 2512 luri
309 2446 507 2527 videbimus,
537 2446 734 2512 orationibus
758 2451 830 2510 sunt
852 2444 1109 2528 accommodata3
1140 2465 1223 2528 quae
1247 2444 1379 2527 quidem

224 2550 383 2614 voeabula
400 2568 594 2632 quamquam
618 2555 691 2614 sunt
707 2547 793 2612 haud
817 2548 925 2630 dubie,
949 2566 1031 2630 quae
1053 2547 1095 2613 ab
1119 2547 1265 2613 omnibus
1289 2547 1380 2612 intel·

225 2652 381 2734 legantur,
404 2659 512 2718 tamen
535 2650 595 2717 hoo
618 2671 682 2716 non
704 2652 808 2716 solum
830 2651 970 2716 notionis
989 2650 1131 2715 eivilium
1149 2649 1380 2715 vocabulorum

223 2839 310 2888 μενος
327 2823 373 2875 καί
392 2813 570 2874 κινδυνεύων.
594 2816 617 2870 V
632 2823 660 2872 1ἵ
675 2815 746 2874 ἐπίδ.
764 2812 937 2884 ποιούμενος
955 2847 988 2856 -
1006 2816 1180 2889 προτρέπων
1191 2814 1238 2872 ἐπὶ
1256 2812 1380 2887 πράξεις.

224 2905 263 2959 XI
277 2909 309 2959 44
321 2903 393 2961 ἐπίδ.
406 2899 579 2971 ποιούμενος
597 2933 626 2941 -
647 2897 797 2967 ὑποδείξας
809 2896 849 2966 ὡς
858 2897 913 2972 χρὴ
928 2945 934 2956 .
948 2941 954 2954 .
968 2911 1070 2957 ποιεῖν.
1092 2900 1145 2953 XII
1159 2904 1207 2954 233
1221 2897 1381 2972 τετυχηκὼς

225 2980 321 3060 ὦνπερ
340 2988 367 3045 οί
384 2992 599 3060 κατορθοῦντες
616 2985 648 3044 ἐν
666 2997 728 3052 ταῖς
749 2985 922 3053 ἐπιδείξεσιν.
951 2986 1002 3040 XV
1018 2991 1062 3039 111
1088 2983 1159 3042 ente.
1184 2991 1332 3042 ποιεῖσθαι
1351 2984 1382 3042 ἐν

225 3071 398 3148 πανηγύρεσι
410 3077 458 3129 καί
471 3071 552 3138 ἰδίοις
564 3068 720 3143 συλλόγοις.
739 3102 771 3111 -
790 3072 828 3126 IV
843 3077 870 3124 11
886 3070 952 3128 δέον
964 3065 1031 3136 τοὺς
1042 3071 1095 3139 μὲν
1106 3067 1211 3142 λόγους
1222 3063 1337 3140 οἷφελῶς
1348 3103 1380 3110 -

226 3152 333 3224 τοὺςδ’
346 3155 593 3222 ἐπιδεικτικῶς
611 3153 685 3227 ἔχειν
709 3161 751 3222 (=
774 3151 889 3229 α’γῶνας
909 3159 974 3226 περὶ
999 3158 1057 3211 τῶν
1081 3158 1266 3228 συμβολαίων
1283 3187 1318 3196 -
1342 3158 1381 3224 είς

225 3237 388 3315 ὕπερβυλὴν
406 3242 620 3313 πεποιημένους.
645 3245 764 3295 ceterum
781 3243 834 3295 hoe
851 3243 911 3296 loco
929 3241 1056 3310 suppleas
1073 3240 1171 3295 Blassii
1182 3257 1238 3296 ror.
1251 3241 1380 3297 lectiones

225 3344 258 3382 ex
277 3327 321 3382 Ps.
344 3327 421 3382 Dion.
441 3335 492 3381 nrt.
505 3315 574 3381 r'lret.
587 3344 616 3396 p.
629 3332 687 3392 410,
701 3332 716 3380 4
730 3327 762 3380 R.
776 3327 823 3380 ubi
836 3320 1015 3396 ιυίοφαλῶς).
1043 3319 1202 3398 οίγωνιστίγς
1219 3331 1247 3382 et
1264 3325 1381 3401 ποιητὴς
1484 3337 1485 3364 r

226 3408 323 3484 λόγων
341 3411 504 3480 disiungitur
521 3412 588 3464 XIII
603 3417 633 3476 15
652 3412 697 3477 (cf.
717 3406 998 3482 epistll‘er’urjynpu
1017 3442 1047 3451 -
1068 3414 1196 3484 ποίημα).
1231 3412 1283 3468 Hic
1300 3413 1381 3482 igitur
1484 3431 1485 3466 l

225 3499 253 3551 in
271 3497 442 3551 incunabulis
460 3496 533 3551 vides
551 3497 702 3561 terminum,
721 3498 842 3552 edultum
860 3496 1015 3552 Aristotelis
1033 3497 1061 3550 iu
1079 3504 1145 3551 erte.

314 3585 336 3647 l)
355 3581 427 3634 velut
444 3598 483 3637 or.
496 3581 533 3635 IV
553 3586 584 3635 19
604 3577 680 3640 οὕτω
699 3587 851 3648 πολιτικῶς
869 3578 956 3652 εἶχον.
980 3581 1017 3636 ib.
1033 3586 1077 3636 151
1100 3579 1164 3639 οὐδὲ
1183 3577 1298 3651 ὁμαλῶς
1317 3577 1380 3639 σύδὲ

225 3670 330 3733 κοινῶς
349 3660 412 3724 οὐδὲ
430 3671 583 3732 πολιτικῶς
601 3663 737 3725 οὐδέποτ’
755 3667 887 3736 ἐβίωσαν.
909 3669 1082 3724 111.171τῶν
1099 3672 1255 3724 πολιτικῶν
1272 3666 1380 3740 ἐξεστη-

224 3749 290 3819 καίς.
321 3751 361 3806 IX
373 3755 406 3806 16
419 3747 567 3829 πολιτικὸς
580 3757 615 3824 τῇ
633 3758 682 3824 τῆς
700 3749 813 3818 πόλεως
831 3749 973 3824 διοικήσει.
998 3768 1041 3822 ep.
1055 3753 1094 3808 lx
1108 3757 1138 3807 13
1151 3751 1379 3826 ἐγκρατέστατος

224 3843 274 3896 καὶ
299 3833 481 3902 δικαιότατος
501 3840 549 3893 καὶ
572 3835 805 3904 πολιτικώτατος.
825 3867 858 3877 -
876 3839 999 3892 Ceterum
1025 3855 1063 3893 or.
1076 3838 1143 3892 XIII
1167 3843 1197 3892 12
1221 3839 1280 3894 cod.
1304 3844 1328 3895 Δ
1354 3843 1380 3893 et

226 3939 276 3991 mg.
297 3926 324 3979 P
341 3936 481 3990 perperam
501 3923 583 3977 hebet
595 3928 752 3981 πολιτικοῦ.
783 3927 931 3994 ποιητικοῦ
943 3929 1106 3990 suspectum.
1137 3925 1378 3993 ποικίλουΙλολνν.;

226 4007 291 4078 quid
309 4007 332 4062 si
349 4021 498 4076 proponam
517 4009 665 4064 netelton
681 4012 729 4064 καί
750 4007 945 4079 κινητικσύί
963 4006 998 4058 ad
1018 4009 1161 4077 κινητικοῦ
1180 4005 1214 4058 cf·
1234 4004 1379 4081 α’κινήτως,

227 4093 298 4161 quod
316 4091 438 4160 sequitur
456 4092 530 4161 apud
547 4093 703 4161 Isocratem,
722 4100 749 4149 et
767 4093 882 4164 Spengel
900 4092 940 4146 rh.
956 4092 1002 4146 Gr.
1017 4091 1100 4155 1431,
1115 4093 1156 4144 28.
