2990 4886
261 323 303 378 De
319 324 458 380 notionum
476 318 624 390 πολιτικὸς
641 329 668 379 01
686 343 823 398 σοφιστής
841 341 892 381 usu
910 326 1053 382 rhetorico.
1170 325 1229 383 197

75 496 156 562 mihi
182 496 309 564 videtur
331 495 413 564 hano
439 498 640 581 potissimum
669 498 878 566 locutionem:
907 499 1009 582 τριῶν
1037 497 1097 580 μὲν
1125 492 1231 563 όντων

76 597 176 663 εἰδιῦν
204 599 261 684 τής
291 598 479 684 ῥητορικῆς,
508 601 608 664 πέντε
638 597 673 663 δὲ
700 601 809 683 μεροῖν
837 601 896 665 τοῦ
925 599 1101 666 πολιτικοῦ
1131 599 1230 686 λόγου

75 701 143 786 (sp.
161 702 212 766 111
228 705 299 786 440,
316 705 389 765 τω
407 705 455 766 ω.
478 706 551 785 457,
568 704 618 767 23.
636 703 707 786 450,
727 705 765 767 ra
779 723 816 763 ω
831 705 882 768 ao.
905 705 978 786 404,
1001 707 1041 768 27
1056 723 1097 763 ω
1112 706 1184 787 roa,
1203 709 1233 768 n

75 807 148 889 465,
162 806 215 868 22.
228 807 300 888 468,
313 805 354 868 20
366 823 406 864 ω
417 807 467 870 25.
481 806 553 887 498,
570 807 608 868 12
621 825 707 888 sqq.;
720 804 834 871 eadem
846 826 899 890 ap.
913 805 1040 890 Doxop.
1052 805 1101 871 W.
1114 806 1147 871 II
1161 809 1230 890 121,

76 911 146 970 5oe
162 908 235 989 123,
254 910 308 990 19;
325 927 418 972 anon.
433 906 483 972 W.
501 906 561 971 VII
579 908 746 989 1083,13).
777 907 931 974 Nicolaus
949 909 1044 990 cuim,
1060 913 1231 991 postquam

75 1016 139 1075 tres
163 1028 237 1074 esse
259 1007 438 1074 rhetoricae
461 1009 586 1092 specics
610 1008 709 1091 dixit,
740 1008 795 1092 Sp.
819 1009 866 1073 111
889 1013 1018 1092 450,10
1043 1009 1089 1075 ita
1110 1011 1230 1094 pergit:

75 1107 181 1174 πόλιν
199 1107 235 1174 δὲ
249 1110 309 1174 τοῦ
325 1109 500 1174 ντολιτικοῦ
522 1106 620 1194 λόγου
637 1113 738 1174 πέντε
752 1111 861 1192 μερῶν
876 1103 992 1190 όντων,
1017 1107 1088 1175 οἷον
1110 1134 1232 1194 προοι-

74 1216 172 1296 μίων,
199 1209 391 1299 διηγήσεων,
415 1203 632 1286 ἀντιθέσεων,
657 1210 798 1291 λύσεων,
823 1209 999 1296 ἐπιλόγων,
1022 1214 1078 1278 καλ
1099 1211 1232 1290 τούτοις

75 1311 111 1378 τι)
137 1311 267 1380 ἑαυτῶν
288 1310 330 1377 τὰ
352 1311 641 1400 προγομνόσματα
662 1312 824 1398 χρήσιμον
845 1327 987 1400 χορηγεῖ.
1032 1312 1073 1378 τῦ
1093 1312 1230 1399 μὲνγὰρ

76 1413 135 1500 τήν
150 1418 220 1481 τῶν
243 1421 433 1500 προοιμίων
457 1413 607 1481 διδάσκει
621 1421 744 1498 χρείαν,
767 1413 809 1479 τὰ
827 1413 863 1480 δὲ
877 1413 937 1502 τήν
959 1419 1025 1481 τιῦν
1049 1415 1231 1505 διηγήσεων

76 1519 142 1582 κτλ.
166 1519 205 1584 144
224 1518 275 1585 his
299 1538 375 1584 vero
398 1518 467 1584 fieri
489 1520 611 1602 nequit,
634 1515 930 1584 υ10οπολιτικὸν
954 1516 1051 1603 λόγον
1073 1522 1232 1604 pertineat

76 1624 170 1702 γένος
194 1617 469 1704 ἒγκωμιαοτικόνι
491 1622 700 1703 nequeenim
723 1621 850 1688 adeius
872 1629 1011 1705 partes
1034 1624 1119 1689 solas
1142 1643 1232 1690 suam

77 1723 229 1807 quodque
245 1742 493 1807 progymnasma
506 1722 601 1788 affert
615 1723 795 1806 utilitatem,
818 1723 876 1789 sed
894 1729 1020 1790 totum
1044 1723 1105 1792 hoc
1120 1746 1230 1809 genus,

77 1827 199 1910 quippe
224 1825 309 1908 quod
332 1831 398 1891 toto
422 1824 512 1890 caelo
536 1823 665 1890 differat
681 1825 722 1890 ab
739 1825 795 1890 illo
819 1825 983 1909 πολιτικῷ
1006 1824 1101 1910 λόγῳ,
1125 1828 1230 1911 ipsum

77 1929 237 2011 integrum
253 1927 286 1992 in
300 1922 588 2010 προγνμνόσματα
610 1932 774 2010 receptum
791 1933 848 2010 est,
872 1928 1046 2011 quodcum
1062 1929 1134 1994 aliis
1157 1950 1230 1996 oon-

76 2032 219 2096 sentiens
247 2029 342 2096 ‹Iocet
364 2029 517 2095 Nicolaus
540 2027 596 2113 Sp.
618 2029 668 2094 111
697 2033 770 2113 477,
790 2031 830 2092 27
842 2050 911 2113 sqq.
950 2031 998 2096 Ac
1025 2031 1170 2114 profecto
1199 2032 1232 2097 in

77 2153 145 2216 cap.
159 2131 239 2198 VIII
254 2132 451 2199 tractationis
467 2138 783 2216 progymnasmatum
800 2139 833 2197 01
847 2140 914 2198 tum
930 2131 985 2216 Sp.
997 2132 1046 2197 III
1058 2135 1130 2217 494,
1144 2135 1183 2196 32
1200 2140 1236 2200 01

77 2239 147 2320 495,
164 2239 194 2300 2.
223 2238 260 2298 17
285 2236 385 2300 multo
407 2235 489 2301 alias
519 2233 714 2300 laudationis
736 2240 844 2317 partes
873 2236 949 2312 (non
971 2237 1067 2320 μέρη,
1098 2235 1156 2302 sed
1178 2259 1231 2300 κε-

78 2333 208 2420 φάλαια
223 2337 401 2420 appellata)
423 2343 455 2402 et
470 2336 632 2402 diversam
647 2336 688 2401 ab
704 2355 744 2402 ca
760 2333 923 2418 διαίρεσιν
943 2356 1014 2403 esse
1037 2337 1125 2420 dicit,
1149 2356 1231 2420 quae

79 2445 124 2503 est
138 2439 172 2505 in
188 2437 353 2522 πολιτικῷ
370 2435 470 2522 λόγῳ,
493 2457 744 2522 progymnasmc
760 2437 865 2522 igitur,
889 2437 976 2522 quod
993 2446 1041 2505 est
1057 2431 1228 2526 ἀνασκενή,

79 2560 271 2624 quamquam
300 2541 422 2606 nullum
453 2560 545 2606 usum
572 2539 667 2606 affert
694 2541 805 2623 generi
834 2540 1000 2607 laudative
1030 2542 1080 2614 (cf.
1105 2541 1160 2627 Sp.
1183 2542 1232 2608 III

79 2644 148 2725 478,
165 2646 207 2708 25
225 2650 257 2710 01
270 2644 324 2709 vei
339 2644 468 2709 Aristot.
483 2650 541 2709 art.
558 2641 639 2709 rhet.
655 2663 686 2726 p.
707 2644 803 2707 13681
818 2644 882 2725 284,
906 2643 1008 2710 nihilo
1024 2645 1129 2710 minus
1144 2641 1232 2728 πρὸς

80 2741 188 2808 πάντα
206 2741 249 2808 τὰ
265 2746 325 2808 τοῦ
339 2744 516 2809 πολιτικοῦ
538 2741 636 2828 λόγου
658 2747 740 2830 μέρη
765 2741 853 2831 πλήν
876 2746 940 2810 τιῦν
964 2741 1130 2828 ἐπιλόγων
1153 2767 1231 2810 συν-

79 2845 203 2911 τελέοει
219 2845 286 2930 (Sp.
302 2847 439 2930 111468,
458 2851 515 2930 25,
533 2846 679 2913 hocloco
695 2867 725 2910 v.
742 2849 780 2910 21
799 2847 922 2913 inseras
938 2835 978 2909 ῦν
993 2854 1067 2930 post
1081 2847 1229 2928 μᾶλλον).

79 2947 165 3013 Idem
191 2950 298 3015 clucet
319 2948 360 3015 de
384 2950 541 3016 communi
571 2950 643 3015 loco
667 2969 708 3014 cx
731 2948 786 3032 Sp.
810 2948 958 3031 111470,
984 2952 1022 3014 13
1038 2968 1078 3011 ω
1096 2955 1133 3014 17
1157 2953 1229 3018 coll.

79 3067 147 3114 cum
166 3053 240 3134 470,
258 3053 308 3115 22.
345 3051 460 3134 Neque
482 3051 541 3117 abs
556 3071 590 3116 re
606 3050 782 3133 adiungere
805 3051 905 3116 verba
920 3050 1051 3135 Iosephi
1067 3051 1230 3120 Rhaoenri.

80 3151 292 3235 (0111482,
311 3155 376 3226 1814
400 3145 630 3228 ότοιοῦτος
652 3148 826 3228 πολιτικὸς
849 3150 945 3236 λόγος
968 3150 1034 3233 ἔχει
1056 3158 1233 3236 προοίμια,

80 3250 255 3342 διηγήσεις,
282 3246 428 3339 ῦγιῦνας,
452 3251 645 3339 ἐπιλόγους,
668 3256 817 3320 nimirum
840 3256 1046 3338 continnalis,
1069 3257 1231 3324 iudicialis

80 3361 109 3419 et
130 3359 355 3442 panegyricus,
380 3358 488 3441 quoad
509 3358 637 3423 illorum
659 3376 735 3440 pars
758 3362 821 3439 est;
845 3357 1034 3440 quibuscum
1058 3359 1097 3424 ci.
1118 3358 1229 3424 Matth.

80 3455 164 3524 Cam.
189 3480 326 3524 συνοπτ.
350 3457 476 3543 παραδ.
500 3457 570 3543 ῥητ.
593 3481 625 3543 p.
648 3462 682 3523 4:
711 3455 830 3544 ἑκάστη
860 3460 926 3523 τῶν
956 3457 1105 3524 στάσεων
1135 3461 1230 3543 (quae

81 3562 218 3644 easdem,
242 3582 322 3645 quas
338 3561 435 3628 modo
452 3561 603 3643 diximus,
627 3561 787 3626 orationes
803 3560 1091 3645 comprehendunt)
1106 3557 1140 3624 ἐκ
1154 3582 1230 3624 τεσ-

82 3659 188 3746 σάρων
203 3665 312 3746 μερῶν
329 3661 506 3747 σύγκειται,
522 3666 712 3744 προοιμίων
727 3661 795 3726 κτλ.
818 3662 967 3746 Denique
983 3663 1093 3744 Rutula,
1117 3663 1229 3729 incerti

81 3768 230 3849 temporis
253 3765 370 3848 rhetor,
394 3765 581 3848 (spltca,
601 3769 639 3829 15
662 3765 710 3830 W.
727 3765 776 3830 III
799 3766 871 3847 448,
889 3767 920 3842 3)
943 3766 1136 3831 enumeratis
1158 3763 1230 3830 rhe-

83 3869 198 3936 toricae
220 3869 408 3953 generibus,
432 3875 466 3935 ut
488 3868 645 3950 debebat,
669 3866 866 3933 haecdicit:
889 3869 972 3953 μέρη
996 3863 1032 3929 δὲ
1053 3867 1113 3929 τοῦ
1137 3864 1230 3929 δικα-

83 3973 168 4036 νικοῦ
182 3977 259 4045 (4100
275 3969 450 4036 πολιτικοῦ
464 3991 569 4055 neque
586 3969 770 4058 ῥητορικοῦ)
786 3972 948 4054 τέσσαρσι
966 3972 1147 4050 προοίμιον
1162 3969 1229 4032 κτλ.

83 4073 122 4146 (v.
145 4095 175 4158 p.
195 4078 254 4141 196
278 4073 306 4139 λ.
330 4069 506 4148 πολιτικός
527 4067 602 4161 ήτοι
626 4068 814 4149 δικανικός).
