3004 4886
293 325 335 379 De
352 325 492 378 notionum
510 320 657 390 πολιτικὸς
675 329 703 380 ct
721 321 858 396 σοφιστὴς
875 341 926 380 usu
943 326 1086 380 rhetorico.
1200 327 1262 382 219

104 503 194 563 tasse
219 498 294 563 tetis
318 503 367 563 est
381 497 528 564 Laertius
545 498 572 562 V
588 501 628 561 24
649 503 681 563 et
696 503 764 581 47),
787 499 1010 581 allegorias
1033 503 1169 564 tractant
1184 501 1264 564 etin

50 647 54 654 .
102 603 230 680 genera
245 599 431 683 discerpunt
445 604 488 684 (p.
504 602 575 683 181,
588 603 628 664 24
641 601 712 666 coll.
726 621 755 666 v.
773 604 839 683 19),
856 602 897 666 de
914 601 1159 684 hyperbatis
1175 608 1262 667 uten-

101 700 158 766 dis
181 707 359 784 praecepta
379 701 459 767 dant
481 705 523 785 (p.
542 705 612 784 160,
631 703 699 784 12);
729 702 867 785 denique
891 703 931 768 de
954 704 1059 787 topis
1081 703 1150 768 sive
1173 704 1262 786 locis,

101 801 194 868 unde
225 804 395 868 materiam
424 804 555 870 dicendi
577 824 777 889 promamus,
811 825 867 870 eos
894 805 1042 872 docuisse
1069 806 1264 888 intellegitur

102 925 151 970 ex
174 925 206 987 p.
224 907 304 987 208,
328 909 385 988 25,
412 907 468 971 ubi
492 905 524 969 oi
542 906 822 986 ’συμβουλευτικοὶ
846 903 949 970 τόποι
977 918 1264 973 commemorantur

102 1009 213 1080 (velut
229 1003 484 1090 έγκωμιαστικσλ
500 1033 528 1071 τ.
545 1009 586 1074 ab
599 1009 801 1092 Hermogene
817 1009 873 1092 Sp.
889 1010 920 1074 II
938 1013 986 1090 12,
999 1013 1028 1074 6.
1048 1014 1095 1094 14,
1111 1016 1203 1074 15=
1214 1011 1263 1076 W.

104 1110 133 1174 I.
150 1113 202 1191 37,
217 1113 269 1192 42,
285 1110 462 1176 Menandro
477 1111 533 1194 Sp.
550 1112 596 1175 lll
614 1114 684 1191 353,
702 1115 720 1174 5
736 1139 778 1162 =
794 1111 842 1176 W.
858 1111 905 1175 IX
920 1116 990 1194 177,
1006 1111 1142 1194 Syriaco
1158 1114 1207 1178 W.
1219 1114 1264 1178 IV

104 1215 182 1295 112,
206 1211 345 1295 Sopatro
369 1213 418 1278 W.
437 1214 463 1278 V
479 1217 529 1293 49,
553 1234 646 1278 anon.
672 1214 719 1278 W.
740 1213 799 1278 Vll
818 1218 876 1278 127
901 1212 1087 1295 laudantur,
1111 1234 1194 1296 quae
1216 1217 1262 1280 lo·
1351 1228 1354 1234 ’

102 1315 196 1379 cutio
220 1315 357 1396 eandem
381 1316 516 1399 praebet
537 1317 663 1380 termini
684 1315 843 1380 formandi
866 1316 1041 1398 rationem),
1065 1317 1085 1379 i.
1110 1335 1136 1380 e.
1160 1317 1263 1382 fontes

101 1437 147 1481 ac
178 1415 292 1500 sedes,
326 1417 411 1482 unde
445 1418 478 1481 in
512 1417 810 1482 deliberativis
847 1417 1042 1482 orationibus
1075 1425 1264 1499 argumenta

102 1523 278 1601 petantur,
309 1538 390 1600 quos
415 1526 489 1584 sunt
509 1520 655 1600 fortasse,
679 1520 733 1601 qui
757 1513 980 1584 communes
1003 1520 1262 1586 locosintelle·

103 1620 236 1702 gendos
267 1639 340 1686 esse
368 1622 570 1686 arbitrentur.
616 1622 665 1686 De
696 1623 843 1686 omnibus
870 1622 966 1704 igitur
988 1620 1167 1687 rhetoricae
1189 1643 1261 1705 par·

102 1723 206 1806 tibus,
230 1730 265 1786 ut
287 1723 446 1788 calculum
469 1724 693 1806 subducamus,
716 1724 921 1806 praecepisse
943 1743 998 1788 eos
1015 1725 1171 1806 exemplis
1188 1725 1264 1789 licet

102 1817 340 1908 demonstrare,
364 1827 513 1890 nimirum
538 1827 580 1892 de
602 1827 797 1906 inventione,
821 1825 1041 1909 dispositione,
1071 1825 1262 1908 elocutione,

101 1927 275 2008 momoria,
305 1928 443 1993 actione.
486 1929 535 1992 Ac
560 1928 690 1992 tradunt
712 1927 841 2009 quidem
864 1933 971 2009 patres
993 1925 1077 1992 filios
1100 1927 1262 2011 sophistis

100 2038 141 2096 ut
156 2029 255 2094 docet
276 2050 307 2112 p.
325 2031 377 2109 38,
397 2033 431 2094 5:
455 2032 648 2109 πέμπουσιν
667 2027 700 2091 οἱ
724 2024 904 2112 δημηγόροι
926 2029 981 2091 καὶ
1004 2025 1170 2112 δικολόγοι
1185 2027 1262 2104 τοὺς

101 2127 202 2206 υἱοὺς
224 2130 282 2194 καὶ
303 2128 391 2212 πρὸς
414 2127 580 2216 σοφιστάς
606 2124 652 2204 dg
673 2132 946 2216 μαθησομένους,
971 2126 991 2193 ά
1014 2132 1070 2195 καὶ
1093 2123 1187 2195 αὐτοὶ
1212 2131 1262 2194 δι-

104 2232 292 2313 δαχθέντες
315 2223 595 2318 ἀπετελέσθησαν
618 2231 769 2311 δυνατοί,
793 2253 864 2298 eum
892 2232 1006 2298 deceat
1024 2253 1065 2298 ex
1081 2233 1263 2299 Philodami

104 2337 271 2402 sententia
285 2355 342 2400 eos
353 2336 437 2400 mitti
448 2335 491 2400 ad
503 2355 613 2400 verum
625 2337 823 2417 magistrum,
840 2334 993 2400 videlicet
1007 2332 1079 2398 τὸν
1094 2333 1142 2422 δη
1148 2359 1233 2417 μον.
1242 2340 1263 2414 1)

195 2437 287 2502 Talis
318 2437 387 2502 iere
417 2436 504 2519 apud
527 2435 752 2502 Philodamum
782 2435 929 2520 sophista
950 2445 1129 2522 comparet,
1155 2439 1263 2520 quoad

103 2541 269 2624 imprimis
292 2539 615 2622 epidicticarum
638 2541 817 2604 orationum
841 2539 1133 2623 componendarum
1161 2546 1262 2606 artem

102 2641 293 2726 profitetur,
325 2641 371 2704 ita
405 2648 527 2723 tamen,
564 2647 665 2704 utne
701 2641 888 2706 civilium
917 2641 1049 2724 quidem
1084 2643 1262 2708 orationum

103 2743 344 2810 institutionem
365 2761 387 2806 a
408 2760 443 2806 se
467 2741 606 2806 alienam
631 2748 730 2824 putet,
754 2742 840 2823 quod
864 2743 993 2825 quidem
1011 2745 1078 2808 iure
1095 2764 1166 2808 eum
1191 2765 1262 2810 oen·

103 2865 179 2912 sere
202 2863 310 2926 neque
332 2844 491 2927 Epicurus
513 2863 617 2925 neque
641 2842 849 2909 Philodemus
872 2845 1029 2911 concedit.

193 2948 262 3012 Iam
279 2964 357 3010 vcro
372 2945 543 3010 alteram
560 2945 652 3027 quasi
671 2941 763 3007 ἰδέαν
779 2945 954 3029 sophistae,
978 2948 1082 3030 qualis
1098 2948 1227 3030 quidem
1243 2970 1263 3014 a

102 3047 301 3114 Philodamo
316 3047 508 3129 appellatur,
525 3046 707 3112 videamus:
724 3047 794 3130 ipse
811 3049 906 3131 enim,
922 3055 1065 3133 utsupra
1080 3051 1262 3135 (putusq.)

197 3235 221 3296 1)
239 3230 302 3284 Non
314 3229 418 3294 inutile,
434 3243 527 3282 eorum
539 3228 735 3296 technologiam
748 3231 842 3297 paucis
854 3234 961 3286 notare:
980 3233 1157 3289 institutio
1169 3237 1262 3304 appol·

101 3319 180 3372 latur
193 3311 362 3388 παράδοσις,
380 3313 490 3384 μελέτη,
508 3311 646 3385 διατριβή.
678 3315 718 3368 De
731 3315 854 3368 artium
873 3319 1126 3386 compositione
1138 3320 1263 3375 Philode-

103 3418 166 3456 mus
185 3401 229 3454 his
243 3399 330 3454 utitur
347 3397 543 3454 locutionibus:
563 3396 737 3470 συγγράφειν
755 3399 864 3470 τέχνας,
882 3396 1071 3472 ὑπογράφειν,
1088 3402 1263 3472 μεθοδεύειν,

104 3493 328 3558 τεγυογραφεῖν.
360 3484 430 3552 Ipsi
442 3485 524 3550 igitur
536 3485 714 3551 sophistae
726 3485 910 3554 appellantur:
930 3486 958 3542 oi
970 3485 1149 3560 τεχνολόγσι,
1167 3511 1265 3561 τεχνο-

103 3568 226 3643 γράφοι,
238 3570 412 3634 διδάσκαλοι,
424 3571 605 3641 διατριβικολ.
626 3569 666 3622 De
676 3571 798 3638 pueris
810 3571 944 3626 scholis
957 3574 1140 3628 utentibus
1153 3576 1265 3630 adhibet

102 3658 203 3712 rerba:
229 3655 396 3725 προσιέναι,
418 3653 649 3728 προσέρχεσθαι,
673 3654 803 3719 εἰσιέναι,
821 3660 939 3726 φοιτᾶν,
957 3654 1130 3725 μανθάνειν,
1148 3657 1264 3718 οἰκουέιν

104 3749 142 3812 (p.
156 3745 201 3806 32,
215 3745 268 3807 31),
286 3740 320 3794 dc
339 3740 492 3794 docendo
506 3744 533 3792 et
545 3738 757 3807 profitendo:
777 3738 923 3808 διδάσκειν,
939 3741 1135 3814 παραδιδόναι,
1154 3763 1264 3817 παραγ-

103 3829 233 3900 γέλλειν,
252 3829 419 3898 παρεγγυᾶν
437 3826 650 3895 (παραγγελίαι,
669 3826 913 3898 παραγγέλματα).
949 3828 1037 3895 Quos
1060 3837 1264 3897 componunt

92 3912 190 3972 ¹libri
202 3915 351 3966 vocantur:
372 3909 475 3981 τέχναι,
493 3905 676 3982 παραδόσεις,
694 3914 883 3982 τεγνσλογίαι,
902 3908 1156 3985 πραγματεάματα,
1174 3935 1264 3988 πραγ-

103 4006 232 4066 ματεῖαι.
262 3995 388 4050 Schola
400 3996 461 4063 ipsa
473 4000 659 4063 nuncupatur:
678 3995 712 4052 τὸ
726 4001 930 4063 διδασκαλεῖον,
949 3999 1129 4067 exemplorum
1148 4007 1262 4056 osten-

104 4082 195 4136 tatio
214 4085 298 4147 δεῖξις
315 4086 351 4149 (p.
365 4084 407 4144 32,
420 4083 471 4144 31).
