2990 4886
233 292 293 350 156
643 293 755 348 Carolus
773 292 980 348 Brandstaetter

198 508 200 551 ,
231 464 358 548 digesta
373 467 563 548 invenimus,
583 468 628 531 ita
643 467 794 532 distinete
809 467 917 548 fuisse,
934 474 968 531 ut
983 486 1003 530 a
1019 465 1184 549 πολιτικῷ
1199 463 1296 552 λόγῳ,
1321 469 1340 532 i.
1359 488 1388 533 e.

230 568 262 632 in
285 569 484 650 publicorum
507 569 708 651 negotiorum
730 589 790 635 usu
812 570 934 651 posito,
962 560 1017 651 qui
1040 561 1263 652 complectitur
1285 590 1388 660 genus

230 669 478 762 dedperutivum
508 677 540 736 et
569 670 738 752 iudioiale,
758 679 970 754 'separaretur
999 677 1109 753 utpote
1131 671 1231 736 multo
1259 653 1404 738 diversa

75 776 110 805 '‘
191 781 344 839 ¹natura
360 759 516 839 et‘indole
534 769 730 853 σοφιστικὸς
746 770 854 856 λόγος,
870 773 929 838 ie.
946 771 1166 864 laudationum
1184 779 1215 838 et
1226 774 1389 856 vitupera·
1457 785 1458 798 ³

196 938 198 947 ,
230 875 351 939 tionum
380 861 509 983 genosi
536 875 599 942 Hie
630 877 728 958 igitur
756 869 899 958 perlecta
928 883 977 941 est
1004 883 1037 940 ot
1066 867 1388 959 exonlt‘a'bipffitilio

229 975 287 1040 illa
302 977 349 1042 rei
367 978 512 1044 maxime
523 985 600 1063 apta
615 978 795 1061 rationique
812 986 1035 1059 consentanea,
1059 978 1149 1043 ouius
1170 977 1411 1061 1111111111111111κ

229 1076 416 1162 Stagiritam
439 1101 508 1153 ¹uon
536 1081 714 1162 reperimus
743 1080 805 1146 nisi
839 1079 975 1159 indioia,
1009 1081 1060 1144 eui
1089 1085 1195 1145 tamen
1224 1079 1388 1146 simillima
1460 1141 1461 1148 ,

230 1190 279 1245 est
307 1182 389 1247 ratio
420 1183 477 1246 illa
505 1182 644 1248 auctoris
667 1181 708 1246 ad
731 1181 969 1264 Alexandrum3
999 1200 1062 1263 qua
1090 1182 1122 1245 in
1145 1200 1180 1246 re
1202 1182 1387 1248 continuum

229 1282 391 1364 quendam
414 1303 619 1367 progressum
641 1287 803 1350 neminem
826 1291 903 1367 puto
926 1304 989 1348 uon
1013 1284 1195 1349 observare.

314 1385 373 1450 His
406 1385 562 1452 absolutis
592 1405 634 1452 ex
661 1405 720 1451 usu
751 1387 811 1451 erit
843 1386 1030 1468 singillatim
1060 1385 1236 1468 inquirere,
1271 1405 1387 1468 quam

228 1486 313 1552 late
342 1493 486 1570 pateat
513 1507 608 1553 usus
637 1488 754 1554 voois
784 1483 1006 1562 πολιτικὸς
1036 1486 1210 1553 cohaerens
1233 1507 1304 1553 oum
1330 1489 1387 1554 illa

228 1606 381 1670 generum
398 1589 622 1656 distributione
637 1590 799 1673 bipertita.
823 1591 929 1673 Atque
945 1591 977 1654 iu
990 1590 1172 1655 universum
1188 1589 1385 1655 adiectivum
1464 1614 1465 1630 ι

228 1687 402 1766 πολιτικὸς
434 1692 468 1756 16
502 1692 678 1776 signifieat,
712 1692 797 1776 quod
827 1693 965 1777 pertinet
993 1691 1036 1756 ad
1065 1692 1178 1758 civiles
1208 1692 1383 1758 orationes:

227 1794 385 1876 imprimis
401 1795 499 1877 igitur
514 1795 649 1876 legimus
665 1790 893 1868 πολιτικός
916 1791 1066 1878 ῥήτωρ,
1090 1795 1179 1860 velut
1193 1815 1225 1878 p.
1242 1797 1315 1872 201,
1335 1801 1383 1861 19.
1466 1881 1467 1886 ἵ

227 1898 300 1979 211,
317 1899 367 1961 23.
386 1900 458 1978 310,
475 1900 503 1963 3.
520 1899 592 1980 213,
610 1902 639 1980 3,
662 1898 851 1982 plerumque
877 1898 941 1961 iam
965 1897 1084 1980 passim
1108 1895 1256 1962 laudatis.
1301 1896 1385 1961 Hine

227 2000 255 2063 is
271 2017 346 2063 usus
370 1998 543 2080 derivatur,
567 2019 630 2082 quo
652 1999 772 2064 nudum
796 1999 990 2064 adieetivum
1013 1999 1204 2064 substantivi
1226 2005 1384 2081 potestate
1467 2014 1468 2018 ’

226 2098 407 2181 praeditum
422 2107 512 2165 notat
528 2101 655 2166 civilem
676 2109 834 2166 oratorem
848 2103 884 2176 ¹):
911 2120 941 2183 p.
960 2105 1011 2180 44,
1034 2103 1070 2162 21
1096 2095 1138 2161 τό
1162 2101 1228 2162 τιῦν
1251 2098 1384 2163 πολιτι·
1468 2161 1469 2164 ,

225 2201 291 2263 arou
321 2198 399 2284 ἐ’ργα
428 2203 537 2284 (paulo
571 2211 645 2285 post
678 2201 710 2265 οἱ
740 2201 956 2287 πανηγυρικοὶ
989 2199 1149 2287 ῥήτορες).
1179 2206 1274 2286 101),
1301 2208 1318 2267 7
1352 2204 1383 2269 οἱ
1469 2280 1470 2290 ,

225 2300 445 2388 τεχνογράφοι
475 2300 620 2388 φανερόν
644 2305 830 2367 καθιστᾶσι
853 2299 890 2366 τό
916 2299 1201 2383 ἐπικρυπτόμενον
1224 2298 1291 2369 dno*
1316 2308 1383 2370 τῶν

225 2405 408 2469 πολιτικῶν
432 2409 516 2490 (post
531 2426 668 2489 sequens
691 2397 744 2470 ὅτι
768 2426 882 2473 vooem
899 2407 1035 2472 sortasse
1058 2405 1242 2472 addendum
1267 2405 1382 2486 ἕνεκα).

226 2509 410 2589 311,1.3.
437 2513 484 2573 13.
510 2510 971 2592 314,5.367,61111119;
1004 2510 1383 2594 368,12.65,15,ne

225 2604 866 2694 ο1191111111911151οοοε.ἡπολιτικὴ
885 2606 1086 2696 ῥητορικὴ
1104 2611 1221 2692 legitur
1236 2632 1267 2694 p.
1285 2615 1335 2695 54,
1353 2617 1382 2676 3.

227 2715 298 2789 135,
315 2716 365 2776 41.
389 2715 461 2794 245,
479 2717 508 2777 7.
534 2716 582 2796 10,
608 2717 658 2777 31.
684 2715 754 2798 120,
782 2718 830 2796 14,
854 2733 936 2795 quoe
955 2711 1381 2795 supralaudandafuerunt.

224 2814 338 2896 Neque
356 2816 460 2896 aliter,
483 2825 580 2897 atque
603 2815 699 2881 modo
723 2815 875 2898 diximus,
899 2815 994 2880 etiam
1019 2814 1072 2880 hie
1095 2815 1213 2880 omisso
1236 2816 1381 2882 substan-

224 2917 291 2981 tivo
322 2918 391 2982 sive
420 2921 513 3002 τὲχνιγ
544 2919 614 2982 sive
645 2915 784 2998 δύναμις
812 2918 929 3000 legitur
957 2910 977 3001 ἡ
1001 2913 1202 2999 πολιτικὴ
1235 2937 1266 3000 p.
1285 2922 1334 3001 10,
1352 2921 1380 2981 2.

225 3019 276 3100 ao,
303 3023 351 3082 17.
375 3023 425 3100 39,
450 3022 501 3082 25.
526 3023 644 3100 4215.
670 3023 720 3102 59,
746 3023 795 3084 13.
820 3022 871 3100 55,
894 3022 923 3083 4.
948 3020 999 3100 oo,
1023 3020 1073 3082 28.
1099 3023 1148 3101 rr,
1165 3021 1215 3083 32.
1240 3023 1380 3102 315,19.

223 3121 358 3186 Locutio
374 3117 572 3185 πολιτικό
582 3144 599 3196 ς
622 3118 743 3203 λόγος
759 3122 869 3203 semel,
893 3121 926 3185 ni
942 3120 1019 3202 quid
1035 3141 1087 3187 me
1102 3121 1193 3204 sugit,
1209 3122 1382 3204 invenitur,

223 3243 254 3306 p.
273 3225 330 3306 87,
354 3225 412 3306 26,
442 3224 527 3306 quod
551 3225 639 3289 casui
669 3223 756 3288 haud
786 3223 884 3288 dubie
912 3222 1126 3288 tribuendum.
1170 3224 1273 3289 Aliter
1296 3225 1381 3289 enim

224 3325 459 3408 intellegendus
482 3327 571 3392 loeus
587 3346 618 3408 p.
635 3329 707 3409 209,
733 3330 788 3390 10:
809 3325 910 3409 χωρὶς
932 3325 992 3387 τοῦ
1013 3321 1117 3410 μηδὲν
1141 3321 1251 3406 ἕτερον
1274 3324 1381 3408 λέγειν

224 3414 244 3504 ι’]
266 3422 303 3490 τό
327 3423 405 3501 τοὺς
433 3423 566 3502 ἐνόντας
588 3423 782 3501 πολιτικοὺς
806 3424 921 3510 λόγους
932 3428 954 3502 ²)
979 3422 1176 3509 ἐξευρίσκειν
1198 3421 1257 3490 τόν
1280 3426 1381 3490 πολι·

221 3525 329 3607 arada,
353 3530 372 3593 1.
388 3549 432 3606 9.,
456 3530 647 3613 1191191111,
671 3549 726 3595 eas
749 3529 923 3595 sententias
945 3536 1042 3610 atque
1064 3538 1267 3611 argumenta,
1296 3549 1380 3612 quae

222 3634 255 3697 in
285 3632 374 3697 civili
404 3631 572 3696 dumtaxat
598 3634 741 3697 oratione
763 3631 980 3716 proferuntur,
1012 3631 1051 3696 of.
1075 3651 1106 3714 p.
1130 3631 1207 3712 208,
1240 3635 1279 3694 14
1301 3627 1380 3706 νοός

222 3752 423 3760 ..————-

310 3802 333 3864 1)
352 3797 394 3852 Cf.
408 3797 514 3852 Morum
532 3796 568 3850 ad
585 3797 631 3851 Ps.
644 3798 729 3864 Long.
743 3817 772 3853 π.
785 3787 835 3868 tq.
849 3813 872 3851 e.
888 3803 898 3850 1
920 3797 1002 3864 (apud
1021 3796 1186 3859 Weisklum,
1210 3797 1329 3853 eiusdem
1346 3799 1379 3852 li·

222 3884 286 3940 belli
305 3881 442 3948 editorem,
461 3899 487 3951 p.
502 3886 570 3947 214).

308 3972 333 4034 2)
352 3965 393 4022 Os.
412 3966 517 4022 Philod.
540 3983 568 4035 p.
583 3969 689 4035 tuqtt
715 3961 780 4024 olet
801 3963 982 4039 ἐφήρμοοταί
1003 3985 1031 4022 τι
1053 3975 1115 4032 τοῖς
1139 3965 1236 4032 ἄλλοις
1261 3967 1293 4024 ἐν
1317 3976 1380 4033 ταῖς

221 4054 418 4126 τεχνολογίαις
436 4046 538 4118 αὐτῶν,
556 4048 627 4110 α’λλα
648 4061 708 4118 τοῖς
726 4057 885 4117 πολιτικοῖς
902 4048 996 4121 μόνον
1014 4051 1222 4124 προβλήμασιν.
