3004 4886
234 307 296 366 260
585 373 586 376 Ἴ
639 305 752 360 Carolus
772 305 977 361 Brandstaetter

232 479 374 546 tudinem
391 479 418 546 si
434 485 570 563 spectas,
593 498 652 562 per
668 498 702 544 se
717 479 849 545 minime
865 486 914 545 est
929 486 1187 547 consentaneum.
1225 482 1293 547 Nos
1308 501 1393 548 vero

231 581 371 648 vidimus
394 601 565 663 numquam
590 617 631 628 -
654 587 689 645 ut
710 581 886 664 imaginem
908 587 1034 647 teneam
1056 583 1235 648 —filum
1258 584 1391 650 tuisse

230 683 466 767 discissum,
490 684 586 748 immo
609 683 821 766 posteriorum
844 681 1060 765 sophistarum
1082 703 1198 749 nomen
1214 687 1314 750 multo
1331 687 1389 750 ab·

232 794 281 853 est
295 792 330 850 ut
345 787 432 850 idem
448 787 556 850 valeat
577 792 674 867 atque
690 784 734 867 id,
758 786 845 868 quod
861 786 1054 868 Protagoras
1078 787 1210 869 eiusque
1233 789 1390 870 aequales

231 908 270 954 ac
291 889 372 954 socii
395 889 457 954 sihi
480 887 683 952 vindicarunt
705 906 832 970 quoque
856 887 897 952 ab
920 887 1065 952 eiusdem
1094 890 1247 974 temporis
1275 897 1389 955 aucto-

230 990 317 1056 ribus
341 991 410 1055 sive
433 989 562 1055 honoris
584 990 654 1056 sive
670 990 808 1054 convicii
831 1009 929 1055 causa
950 989 1106 1074 appellati
1130 997 1211 1057 sunt.
1256 991 1389 1058 Rectius

232 1092 375 1174 profecto
399 1098 431 1156 et
445 1082 540 1156 rebus
563 1091 805 1157 convenientius
829 1091 974 1156 dicemus
996 1091 1039 1158 ad
1061 1093 1254 1175 posteriores
1277 1093 1389 1178 sophi·

231 1201 297 1260 stas
320 1213 433 1260 vocem
457 1189 621 1278 σοφιστὴς
643 1212 683 1258 ea
697 1193 729 1258 vi
745 1199 842 1275 atque
866 1192 1108 1275 significatione.
1122 1196 1297 1277 transiisse,
1321 1215 1389 1278 qua

232 1302 305 1380 post
327 1296 447 1361 exitum
470 1297 573 1378 quarti
597 1297 719 1361 saeculi
741 1295 890 1377 usurpari
914 1302 1028 1379 coepta
1051 1303 1099 1360 est
1121 1316 1247 1380 quaque
1271 1299 1303 1362 in
1326 1318 1388 1363 usu

231 1418 301 1466 esse
317 1418 418 1481 usque
433 1399 475 1463 ad
491 1400 643 1482 ipsorum,
660 1395 740 1480 quos
755 1417 918 1480 vocamus,
942 1398 1152 1480 posteriorum
1169 1399 1387 1481 sophistarum

229 1501 299 1567 dies
322 1519 494 1582 numquam
517 1499 623 1565 desiit.
667 1499 738 1565 Hoc
760 1505 867 1564 autem
891 1506 1034 1584 tempore
1056 1501 1193 1566 servatis
1214 1502 1272 1584 iis,
1300 1521 1387 1584 qnae

229 1602 324 1668 huius
347 1603 478 1668 alterius
501 1601 666 1685 sophistae
689 1602 729 1666 ab
755 1602 892 1685 Epicuro
918 1603 1075 1684 appellati
1103 1621 1231 1685 semper
1253 1605 1387 1687 propria

229 1706 365 1788 fuerant,
388 1711 509 1770 tantum
526 1704 756 1770 incrementum
773 1703 849 1768 lecit
865 1703 937 1784 ipsa
952 1701 1128 1787 sophistica
1144 1706 1196 1770 vel
1211 1706 1387 1788 epidictica

229 1827 290 1888 ars,
315 1813 349 1872 ut
363 1812 494 1890 propter
509 1807 609 1872 multo
631 1805 957 1888 frequentiorem
973 1823 1065 1870 usum
1081 1805 1173 1888 quasi
1189 1806 1318 1872 denuo
1335 1808 1384 1872 ad

228 1911 267 1974 ln
277 1928 360 1974 cem
382 1911 600 1974 emersisse
617 1909 723 1973 multis
738 1928 797 1991 per
813 1927 952 1974 errorem
973 1907 1060 1974 visas
1076 1927 1147 1973 esse
1163 1907 1221 1974 has
1236 1909 1384 1976 notiones

227 2031 291 2076 uon
313 2013 359 2077 ita
381 2012 539 2094 possimus
562 2011 679 2074 mirari.

314 2115 382 2178 Iam
405 2133 509 2178 nova
531 2113 581 2178 his
604 2113 761 2197 expositis
789 2132 907 2195 eaque,
936 2119 1087 2195 quantum
1118 2113 1289 2195 intellego,
1320 2133 1385 2179 non

229 2217 348 2282 nullius
370 2216 539 2297 gravitatis
562 2214 708 2280 subsidia
729 2222 858 2297 praesto
882 2215 1011 2280 suntad
1031 2215 1271 2282 diiudicandam
1293 2215 1385 2280 illam

230 2319 462 2385 dissensionem
478 2337 561 2400 quae
577 2318 686 2382 nescio
702 2323 806 2380 utrum
827 2317 922 2382 luerit
936 2336 977 2381 an
993 2317 1035 2381 sit
1050 2317 1132 2381 inter
1146 2317 1386 2382 Kaibelium

229 2427 262 2486 ct
277 2420 486 2486 Rohdium.
532 2418 650 2484 Contra
671 2417 790 2483 Rohdii
814 2420 899 2484 enim
923 2419 1111 2484 senteutiam
1135 2418 1384 2492 (assecutum.

227 2544 261 2607 p.
278 2525 340 2586 290
356 2543 386 2587 n.
406 2524 435 2598 l)
451 2523 484 2586 in
499 2521 672 2586 Hermae
688 2521 764 2586 vol.
779 2520 844 2585 XX
861 2541 892 2603 p.
910 2522 1076 2585 507—513
1097 2521 1158 2586 tria
1173 2523 1384 2606 potissimum,

229 2631 264 2690 ut
279 2624 430 2690 distincta
445 2624 657 2706 pronuntiem,
680 2624 788 2706 posuit
803 2623 988 2688 Kaibelius:
1011 2625 1148 2706 primum
1170 2625 1384 2707 oppositas

229 2746 318 2793 esse
346 2727 456 2792 inter
478 2745 519 2792 se
548 2727 723 2791 alteram
753 2723 1022 2808 sophisticam
1046 2732 1083 2790 et
1105 2725 1383 2792 Asiaticorum

228 2827 440 2893 rhetorum
474 2829 724 2911 rationem¹)‚
758 2826 934 2892 secundum
970 2826 1209 2909 Dionysium
1243 2833 1383 2911 utpote

228 2931 395 2996 Atticae
421 2931 685 3014 eloquentiae
714 2928 947 2994 studentem
976 2929 1185 2994 artissimo
1216 2929 1383 2995 vinculo

230 3033 428 3113 coniungi
444 3051 528 3096 oum
544 3032 676 3096 altera
691 3029 975 3113 sophistica‘l),
998 3030 1125 3095 tertium
1145 3031 1384 3114 magistram

228 3134 551 3200 fuissealteram
575 3131 1283 3216 sophisticamcuinsvisscientiae,
1306 3154 1384 3199 uon

229 3237 359 3303 solnm
382 3233 619 3301 rhetoricae
642 3241 681 3301 et
701 3237 807 3300 artis
837 3235 1129 3317 epidicticae.³)
1174 3233 1266 3300 Nunc
1288 3234 1384 3301 huius

233 3337 431 3422 quaestionis
459 3337 667 3404 fundamenta
688 3357 751 3402 non
774 3337 979 3402 mediocriter
1001 3341 1089 3400 mota
1110 3353 1180 3401 esse
1201 3355 1296 3401 nemo
1318 3356 1384 3402 non

315 3471 457 3538 1)1.1.p.
477 3473 526 3524 508
549 3469 684 3525 zwisalten
703 3471 839 3524 Arionem
862 3467 919 3522 aad
936 3466 1084 3539 Sophiam
1108 3466 1211 3522 bartolot
1232 3467 1306 3523 nicht
1329 3485 1384 3522 aur

228 3555 359 3611 keiacrlci
385 3553 635 3624 Vermondtschost,
652 3554 772 3609 sordem
790 3555 835 3608 cin
853 3553 997 3616 hewafster
1016 3550 1178 3624 Gepensatz.

315 3645 340 3708 l)
358 3642 376 3695 l.
395 3641 413 3694 1.
432 3657 459 3709 p.
473 3643 523 3695 513
542 3639 581 3694 Es
597 3640 701 3694 saloim
718 3641 770 3692 mir
787 3637 999 3702 unbestres'tdar,
1016 3637 1083 3708 dass
1100 3636 1207 3709 Dionys
1224 3639 1384 3695 mileciam

229 3725 427 3783 allisistisehec
444 3725 651 3795 Bostrehucpcn
673 3725 702 3779 ic
726 3724 779 3781 dcc
804 3724 987 3794 allcrenqrtca
1005 3720 1242 3795 Zosammeahonp
1264 3724 1312 3778 mit
1334 3723 1386 3778 der

229 3813 342 3869 anesten
360 3810 502 3883 Sophislilc
518 3817 623 3882 pesotzt
640 3809 748 3866 worden
766 3811 846 3872 mals.

314 3902 339 3966 3)
357 3900 375 3954 l.
390 3898 408 3952 l.
427 3915 455 3967 p.
469 3901 517 3953 508
538 3896 603 3951 Wor
621 3895 665 3950 aa
681 3896 814 3962 (amellos)
832 3894 978 3965 soptnoa
997 3910 1050 3948 nur
1065 3894 1118 3964 sair
1130 3891 1234 3948 Lchrer
1251 3892 1300 3946 der
1311 3892 1384 3948 Rhe·

230 3983 305 4039 torilc
321 3983 380 4038 aad
394 3985 446 4054 fair
464 3981 662 4038 Prunltrodncr
679 3983 737 4052 oaf
750 3982 799 4036 dor
824 3978 1040 4049 Wunderscdost
1058 3977 1130 4043 latr,
1149 3978 1198 4033 der
1214 3977 1321 4033 oratore
1338 3978 1385 4033 ilar

229 4069 401 4136 urrpcheurcs
418 4067 543 4122 Accedes
563 4083 618 4122 aar
635 4083 698 4120 zum
717 4065 787 4130 Teii,
810 4069 839 4120 et
856 4082 882 4134 p.
897 4069 946 4120 509
966 4063 1012 4119 Sic
1030 4079 1135 4128 scaren,
1158 4079 1216 4118 scas
1233 4061 1278 4116 ihr
1296 4061 1386 4119 Name
