<?xml version="1.0" encoding="UTF-8"?>
<!DOCTYPE html PUBLIC "-//W3C//DTD XHTML 1.0 Transitional//EN"
    "http://www.w3.org/TR/xhtml1/DTD/xhtml1-transitional.dtd">
<html xmlns="http://www.w3.org/1999/xhtml" xml:lang="en" lang="en">
 <head>
  <title>
</title>
<meta http-equiv="Content-Type" content="text/html;charset=utf-8" />
  <meta name='ocr-system' content='tesseract 3.04.00' />
  <meta name='ocr-capabilities' content='ocr_page ocr_carea ocr_par ocr_line ocrx_word'/>
</head>
<body>
  <div class='ocr_page' id='page_1' title='image "./denotionumpolit00brangoog_0100.png"; bbox 0 0 3004 4886; ppageno 0'>
   <div class='ocr_carea' id='block_1_1' title="bbox 227 317 1250 414">
    <p class='ocr_par' dir='ltr' id='par_1_1' title="bbox 227 317 1250 414">
     <span class='ocr_line' id='line_1_1' title="bbox 227 317 1250 414; baseline 0.004 -19"><span class='ocrx_word' id='word_1_1' title='bbox 227 317 230 322; x_wconf 32' lang='lat'><strong>⁴</strong></span> <span class='ocrx_word' id='word_1_2' title='bbox 282 342 323 396; x_wconf 89' lang='lat' dir='ltr'><strong>De</strong></span> <span class='ocrx_word' id='word_1_3' title='bbox 340 341 481 397; x_wconf 90' lang='lat' dir='ltr'><strong>notionum</strong></span> <span class='ocrx_word' id='word_1_4' title='bbox 499 339 915 414; x_wconf 78' lang='grc' dir='ltr'><em>πολιτικδςο1σοφιστὴςσεσ</em></span> <span class='ocrx_word' id='word_1_5' title='bbox 933 342 1076 396; x_wconf 88' lang='lat' dir='ltr'><strong>rhetorico.</strong></span> <span class='ocrx_word' id='word_1_6' title='bbox 1191 343 1250 399; x_wconf 88' lang='grc'><strong>221</strong></span> 
     </span>
    </p>
   </div>
   <div class='ocr_carea' id='block_1_2' title="bbox 92 513 1315 3360">
    <p class='ocr_par' dir='ltr' id='par_1_2' title="bbox 92 513 1315 1214">
     <span class='ocr_line' id='line_1_2' title="bbox 92 513 1252 600; baseline -0.002 -18"><span class='ocrx_word' id='word_1_7' title='bbox 92 523 233 600; x_wconf 87' lang='lat' dir='ltr'><strong>propter</strong></span> <span class='ocrx_word' id='word_1_8' title='bbox 263 515 393 582; x_wconf 85' lang='lat' dir='ltr'><strong>easdem</strong></span> <span class='ocrx_word' id='word_1_9' title='bbox 419 536 470 582; x_wconf 88' lang='lat' dir='ltr'><strong>ras</strong></span> <span class='ocrx_word' id='word_1_10' title='bbox 494 515 624 582; x_wconf 86' lang='lat' dir='ltr'><strong>cosdem</strong></span> <span class='ocrx_word' id='word_1_11' title='bbox 653 513 751 580; x_wconf 91' lang='lat' dir='ltr'><strong>modo</strong></span> <span class='ocrx_word' id='word_1_12' title='bbox 773 515 923 597; x_wconf 85' lang='lat' dir='ltr'><strong>laudent,</strong></span> <span class='ocrx_word' id='word_1_13' title='bbox 949 514 1046 580; x_wconf 91' lang='lat' dir='ltr'><strong>modo</strong></span> <span class='ocrx_word' id='word_1_14' title='bbox 1069 515 1252 599; x_wconf 82' lang='lat' dir='ltr'><strong>vituperent</strong></span> 
     </span>
     <span class='ocr_line' id='line_1_3' title="bbox 93 615 1315 702; baseline 0.002 -21"><span class='ocrx_word' id='word_1_15' title='bbox 93 623 141 702; x_wconf 92' lang='lat' dir='ltr'><strong>(p.</strong></span> <span class='ocrx_word' id='word_1_16' title='bbox 161 621 240 701; x_wconf 89' lang='grc'><strong>220,</strong></span> <span class='ocrx_word' id='word_1_17' title='bbox 264 621 390 701; x_wconf 86' lang='lat' dir='ltr'><strong>8sqq.).</strong></span> <span class='ocrx_word' id='word_1_18' title='bbox 447 619 514 684; x_wconf 87' lang='lat' dir='ltr'><strong>Has</strong></span> <span class='ocrx_word' id='word_1_19' title='bbox 548 615 751 683; x_wconf 66' lang='lat' dir='ltr'>laudationes</span> <span class='ocrx_word' id='word_1_20' title='bbox 784 637 847 684; x_wconf 92' lang='lat' dir='ltr'><strong>non</strong></span> <span class='ocrx_word' id='word_1_21' title='bbox 882 617 979 683; x_wconf 93' lang='lat' dir='ltr'><strong>modo</strong></span> <span class='ocrx_word' id='word_1_22' title='bbox 1013 617 1187 683; x_wconf 85' lang='lat' dir='ltr'><strong>recitari</strong></span> <span class='ocrx_word' id='word_1_23' title='bbox 1220 625 1252 683; x_wconf 88' lang='lat' dir='ltr'><strong>et</strong></span> <span class='ocrx_word' id='word_1_24' title='bbox 1313 649 1315 653; x_wconf 30' lang='lat' dir='ltr'>v</span> 
     </span>
     <span class='ocr_line' id='line_1_4' title="bbox 93 710 1252 803; baseline -0.002 -17"><span class='ocrx_word' id='word_1_25' title='bbox 93 721 242 786; x_wconf 91' lang='lat' dir='ltr'><strong>subito</strong></span> <span class='ocrx_word' id='word_1_26' title='bbox 258 721 323 786; x_wconf 92' lang='lat' dir='ltr'><strong>dici</strong></span> <span class='ocrx_word' id='word_1_27' title='bbox 340 723 383 803; x_wconf 89' lang='lat' dir='ltr'><strong>(p.</strong></span> <span class='ocrx_word' id='word_1_28' title='bbox 399 722 469 802; x_wconf 85' lang='grc'><strong>123,</strong></span> <span class='ocrx_word' id='word_1_29' title='bbox 486 723 548 802; x_wconf 84' lang='grc'><strong>35),</strong></span> <span class='ocrx_word' id='word_1_30' title='bbox 572 719 741 785; x_wconf 88' lang='lat' dir='ltr'><strong>sedetiam</strong></span> <span class='ocrx_word' id='word_1_31' title='bbox 759 719 826 785; x_wconf 89' lang='lat' dir='ltr'><strong>cdi</strong></span> <span class='ocrx_word' id='word_1_32' title='bbox 843 710 995 786; x_wconf 78' lang='lat' dir='ltr'><strong>discimus</strong></span> <span class='ocrx_word' id='word_1_33' title='bbox 1012 738 1052 784; x_wconf 86' lang='lat' dir='ltr'><strong>ex</strong></span> <span class='ocrx_word' id='word_1_34' title='bbox 1067 739 1098 803; x_wconf 89' lang='lat' dir='ltr'><strong>p.</strong></span> <span class='ocrx_word' id='word_1_35' title='bbox 1110 722 1182 802; x_wconf 83' lang='lat'><strong>214,</strong></span> <span class='ocrx_word' id='word_1_36' title='bbox 1195 722 1252 784; x_wconf 83' lang='lat'><strong>23:</strong></span> 
     </span>
     <span class='ocr_line' id='line_1_5' title="bbox 92 812 1253 908; baseline 0.001 -24"><span class='ocrx_word' id='word_1_37' title='bbox 92 819 188 906; x_wconf 85' lang='grc' dir='ltr'><em>πρὸς</em></span> <span class='ocrx_word' id='word_1_38' title='bbox 218 812 250 886; x_wconf 75' lang='grc' dir='ltr'><strong>δ’</strong></span> <span class='ocrx_word' id='word_1_39' title='bbox 269 822 325 885; x_wconf 85' lang='grc' dir='ltr'><strong>καὶ</strong></span> <span class='ocrx_word' id='word_1_40' title='bbox 360 819 546 908; x_wconf 79' lang='grc' dir='ltr'><em>λαλήσομεν</em></span> <span class='ocrx_word' id='word_1_41' title='bbox 571 820 632 886; x_wconf 77' lang='grc' dir='ltr'><strong>ἐπὶ</strong></span> <span class='ocrx_word' id='word_1_42' title='bbox 667 817 745 896; x_wconf 87' lang='grc' dir='ltr'><em>τούς</em></span> <span class='ocrx_word' id='word_1_43' title='bbox 781 817 1014 902; x_wconf 75' lang='grc' dir='ltr'><em>ἓκδεδομένους</em></span> <span class='ocrx_word' id='word_1_44' title='bbox 1049 813 1104 885; x_wconf 73' lang='grc' dir='ltr'><strong>ὑπ’</strong></span> <span class='ocrx_word' id='word_1_45' title='bbox 1144 817 1253 885; x_wconf 79' lang='grc' dir='ltr'><em>αύτιῦν</em></span> 
     </span>
     <span class='ocr_line' id='line_1_6' title="bbox 94 918 1253 1009; baseline 0.001 -22"><span class='ocrx_word' id='word_1_46' title='bbox 94 923 220 1007; x_wconf 80' lang='grc' dir='ltr'><em>λόγους</em></span> <span class='ocrx_word' id='word_1_47' title='bbox 243 918 468 1008; x_wconf 78' lang='grc' dir='ltr'><em>ἀναφέροντες</em></span> <span class='ocrx_word' id='word_1_48' title='bbox 490 932 522 989; x_wconf 91' lang='lat' dir='ltr'><strong>et</strong></span> <span class='ocrx_word' id='word_1_49' title='bbox 543 946 574 1009; x_wconf 91' lang='lat' dir='ltr'><strong>p.</strong></span> <span class='ocrx_word' id='word_1_50' title='bbox 592 927 664 1006; x_wconf 84' lang='lat'><strong>221,</strong></span> <span class='ocrx_word' id='word_1_51' title='bbox 683 928 737 988; x_wconf 85' lang='lat'><strong>17:</strong></span> <span class='ocrx_word' id='word_1_52' title='bbox 759 919 801 986; x_wconf 83' lang='grc' dir='ltr'><em>τὰ</em></span> <span class='ocrx_word' id='word_1_53' title='bbox 824 925 965 988; x_wconf 83' lang='grc' dir='ltr'><em>τοιαῦτα</em></span> <span class='ocrx_word' id='word_1_54' title='bbox 987 921 1132 1007; x_wconf 79' lang='grc' dir='ltr'><em>ἐγκώμια</em></span> <span class='ocrx_word' id='word_1_55' title='bbox 1148 923 1253 1008; x_wconf 82' lang='grc' dir='ltr'><em>λέγειν</em></span> 
     </span>
     <span class='ocr_line' id='line_1_7' title="bbox 92 1022 1253 1111; baseline 0 -21"><span class='ocrx_word' id='word_1_56' title='bbox 92 1027 154 1091; x_wconf 88' lang='grc' dir='ltr'><strong>καὶ</strong></span> <span class='ocrx_word' id='word_1_57' title='bbox 184 1025 328 1111; x_wconf 82' lang='grc' dir='ltr'><em>γράφειν</em></span> <span class='ocrx_word' id='word_1_58' title='bbox 351 1024 499 1104; x_wconf 80' lang='grc' dir='ltr'><em>οἲδασιν,</em></span> <span class='ocrx_word' id='word_1_59' title='bbox 531 1022 586 1089; x_wconf 85' lang='grc' dir='ltr'><strong>οἷα</strong></span> <span class='ocrx_word' id='word_1_60' title='bbox 613 1027 849 1111; x_wconf 79' lang='grc' dir='ltr'><strong><em>περιφέρεται,</em></strong></span> <span class='ocrx_word' id='word_1_61' title='bbox 885 1027 941 1090; x_wconf 87' lang='grc' dir='ltr'><strong>καὶ</strong></span> <span class='ocrx_word' id='word_1_62' title='bbox 975 1023 1054 1102; x_wconf 80' lang='grc' dir='ltr'><em>τούς</em></span> <span class='ocrx_word' id='word_1_63' title='bbox 1081 1024 1253 1103; x_wconf 79' lang='grc' dir='ltr'><em>τοιούτους</em></span> 
     </span>
     <span class='ocr_line' id='line_1_8' title="bbox 93 1125 642 1214; baseline -0.005 -21"><span class='ocrx_word' id='word_1_64' title='bbox 93 1126 239 1213; x_wconf 82' lang='grc' dir='ltr'><em>ψόγους,</em></span> <span class='ocrx_word' id='word_1_65' title='bbox 264 1126 356 1204; x_wconf 76' lang='grc' dir='ltr'><em>οἵους</em></span> <span class='ocrx_word' id='word_1_66' title='bbox 378 1125 642 1214; x_wconf 74' lang='grc' dir='ltr'><em>παρειλήφαμεν.</em></span> 
     </span>
    </p>

    <p class='ocr_par' dir='ltr' id='par_1_3' title="bbox 93 1229 1257 3360">
     <span class='ocr_line' id='line_1_9' title="bbox 188 1229 1254 1314; baseline 0 -18"><span class='ocrx_word' id='word_1_67' title='bbox 188 1230 225 1296; x_wconf 88' lang='lat' dir='ltr'><strong>Si</strong></span> <span class='ocrx_word' id='word_1_68' title='bbox 248 1251 326 1296; x_wconf 89' lang='lat' dir='ltr'><strong>vero</strong></span> <span class='ocrx_word' id='word_1_69' title='bbox 349 1231 542 1313; x_wconf 84' lang='lat' dir='ltr'><strong>quaerimus,</strong></span> <span class='ocrx_word' id='word_1_70' title='bbox 566 1250 640 1312; x_wconf 92' lang='lat' dir='ltr'><strong>qno</strong></span> <span class='ocrx_word' id='word_1_71' title='bbox 663 1231 839 1296; x_wconf 92' lang='lat' dir='ltr'><strong>oonsilio</strong></span> <span class='ocrx_word' id='word_1_72' title='bbox 863 1229 924 1295; x_wconf 92' lang='lat' dir='ltr'><strong>hoo</strong></span> <span class='ocrx_word' id='word_1_73' title='bbox 945 1230 1074 1313; x_wconf 84' lang='lat' dir='ltr'><strong>faciant,</strong></span> <span class='ocrx_word' id='word_1_74' title='bbox 1097 1232 1197 1314; x_wconf 86' lang='lat' dir='ltr'><strong>ipsius</strong></span> <span class='ocrx_word' id='word_1_75' title='bbox 1214 1251 1254 1296; x_wconf 89' lang='lat' dir='ltr'><strong>en</strong></span> 
     </span>
     <span class='ocr_line' id='line_1_10' title="bbox 94 1319 1253 1418; baseline 0 -20"><span class='ocrx_word' id='word_1_76' title='bbox 94 1331 287 1398; x_wconf 84' lang='lat' dir='ltr'><strong>Philodami</strong></span> <span class='ocrx_word' id='word_1_77' title='bbox 302 1334 404 1397; x_wconf 86' lang='lat' dir='ltr'><strong>verba</strong></span> <span class='ocrx_word' id='word_1_78' title='bbox 415 1335 458 1416; x_wconf 90' lang='lat' dir='ltr'><strong>(p.</strong></span> <span class='ocrx_word' id='word_1_79' title='bbox 475 1335 546 1413; x_wconf 89' lang='grc'><strong>217,</strong></span> <span class='ocrx_word' id='word_1_80' title='bbox 567 1335 632 1406; x_wconf 81' lang='lat'>13):</span> <span class='ocrx_word' id='word_1_81' title='bbox 648 1319 669 1416; x_wconf 77' lang='grc' dir='ltr'>ἢ</span> <span class='ocrx_word' id='word_1_82' title='bbox 686 1327 742 1394; x_wconf 86' lang='grc' dir='ltr'><strong>διὰ</strong></span> <span class='ocrx_word' id='word_1_83' title='bbox 757 1329 872 1413; x_wconf 79' lang='grc' dir='ltr'><em>κέρδος</em></span> <span class='ocrx_word' id='word_1_84' title='bbox 886 1319 907 1417; x_wconf 77' lang='grc' dir='ltr'><em>ἢ</em></span> <span class='ocrx_word' id='word_1_85' title='bbox 923 1327 979 1394; x_wconf 82' lang='grc' dir='ltr'><strong>διὰ</strong></span> <span class='ocrx_word' id='word_1_86' title='bbox 997 1319 1138 1418; x_wconf 74' lang='grc' dir='ltr'><em>φόβονῆ</em></span> <span class='ocrx_word' id='word_1_87' title='bbox 1155 1329 1253 1400; x_wconf 84' lang='grc' dir='ltr'><em>δυνά-</em></span> 
     </span>
     <span class='ocr_line' id='line_1_11' title="bbox 93 1431 1255 1518; baseline 0 -20"><span class='ocrx_word' id='word_1_88' title='bbox 93 1457 190 1516; x_wconf 88' lang='grc' dir='ltr'><em>μεως</em></span> <span class='ocrx_word' id='word_1_89' title='bbox 205 1431 369 1510; x_wconf 74' lang='grc' dir='ltr'><em>ἐπίδειξιν</em></span> <span class='ocrx_word' id='word_1_90' title='bbox 384 1431 583 1514; x_wconf 70' lang='grc' dir='ltr'><em>ποιούμενοι</em></span> <span class='ocrx_word' id='word_1_91' title='bbox 598 1435 652 1512; x_wconf 85' lang='lat' dir='ltr'><strong>(of.</strong></span> <span class='ocrx_word' id='word_1_92' title='bbox 666 1433 907 1500; x_wconf 79' lang='lat' dir='ltr'><strong>Hermarchi</strong></span> <span class='ocrx_word' id='word_1_93' title='bbox 922 1436 1022 1500; x_wconf 85' lang='lat' dir='ltr'><strong>verba</strong></span> <span class='ocrx_word' id='word_1_94' title='bbox 1037 1455 1068 1518; x_wconf 91' lang='lat' dir='ltr'><strong>p.</strong></span> <span class='ocrx_word' id='word_1_95' title='bbox 1082 1437 1132 1518; x_wconf 85' lang='lat'><strong>80,</strong></span> <span class='ocrx_word' id='word_1_96' title='bbox 1146 1439 1202 1500; x_wconf 84' lang='lat'><strong>31:</strong></span> <span class='ocrx_word' id='word_1_97' title='bbox 1220 1431 1255 1510; x_wconf 79' lang='grc' dir='ltr'><strong>ἒξ</strong></span> 
     </span>
     <span class='ocr_line' id='line_1_12' title="bbox 95 1528 1254 1620; baseline 0.002 -20"><span class='ocrx_word' id='word_1_98' title='bbox 95 1530 146 1601; x_wconf 79' lang='grc' dir='ltr'><strong>ὦν</strong></span> <span class='ocrx_word' id='word_1_99' title='bbox 169 1540 299 1620; x_wconf 82' lang='grc' dir='ltr'><em>γίνεται</em></span> <span class='ocrx_word' id='word_1_100' title='bbox 313 1533 350 1601; x_wconf 87' lang='grc' dir='ltr'><em>τὸ</em></span> <span class='ocrx_word' id='word_1_101' title='bbox 367 1535 482 1620; x_wconf 79' lang='grc' dir='ltr'><em>κέρδος</em></span> <span class='ocrx_word' id='word_1_102' title='bbox 502 1529 551 1600; x_wconf 47' lang='grc' dir='ltr'><strong>ἐπ)</strong></span> <span class='ocrx_word' id='word_1_103' title='bbox 572 1528 717 1620; x_wconf 81' lang='grc' dir='ltr'><em>ἆργυρίφ</em></span> <span class='ocrx_word' id='word_1_104' title='bbox 741 1533 857 1620; x_wconf 86' lang='grc' dir='ltr'><em>λόγους</em></span> <span class='ocrx_word' id='word_1_105' title='bbox 880 1539 1036 1619; x_wconf 79' lang='grc' dir='ltr'><em>στρέφειν</em></span> <span class='ocrx_word' id='word_1_106' title='bbox 1060 1534 1254 1618; x_wconf 83' lang='grc' dir='ltr'><em>δυναμένοις</em></span> 
     </span>
     <span class='ocr_line' id='line_1_13' title="bbox 95 1637 1254 1721; baseline 0.003 -19"><span class='ocrx_word' id='word_1_107' title='bbox 95 1638 352 1717; x_wconf 80' lang='grc' dir='ltr'><em>παντοδαπῶς).</em></span> <span class='ocrx_word' id='word_1_108' title='bbox 390 1639 475 1704; x_wconf 89' lang='lat' dir='ltr'><strong>Illud</strong></span> <span class='ocrx_word' id='word_1_109' title='bbox 491 1640 575 1705; x_wconf 89' lang='lat' dir='ltr'><strong>enim</strong></span> <span class='ocrx_word' id='word_1_110' title='bbox 593 1640 708 1705; x_wconf 86' lang='lat' dir='ltr'><strong>misere</strong></span> <span class='ocrx_word' id='word_1_111' title='bbox 730 1645 889 1721; x_wconf 83' lang='lat' dir='ltr'><strong>nugantur</strong></span> <span class='ocrx_word' id='word_1_112' title='bbox 912 1637 1075 1704; x_wconf 91' lang='lat' dir='ltr'><strong>hominum</strong></span> <span class='ocrx_word' id='word_1_113' title='bbox 1097 1659 1203 1706; x_wconf 89' lang='lat' dir='ltr'><strong>mores</strong></span> <span class='ocrx_word' id='word_1_114' title='bbox 1219 1661 1254 1706; x_wconf 91' lang='lat' dir='ltr'><strong>se</strong></span> 
     </span>
     <span class='ocr_line' id='line_1_14' title="bbox 96 1741 1253 1824; baseline -0.001 -15"><span class='ocrx_word' id='word_1_115' title='bbox 96 1744 189 1809; x_wconf 87' lang='lat' dir='ltr'><strong>velle</strong></span> <span class='ocrx_word' id='word_1_116' title='bbox 204 1741 376 1808; x_wconf 83' lang='lat' dir='ltr'><strong>emendare</strong></span> <span class='ocrx_word' id='word_1_117' title='bbox 400 1743 442 1824; x_wconf 93' lang='lat' dir='ltr'><strong>(p.</strong></span> <span class='ocrx_word' id='word_1_118' title='bbox 460 1745 533 1822; x_wconf 89' lang='grc'><strong>212,</strong></span> <span class='ocrx_word' id='word_1_119' title='bbox 549 1743 577 1804; x_wconf 92' lang='grc'><strong>2.</strong></span> <span class='ocrx_word' id='word_1_120' title='bbox 590 1745 662 1823; x_wconf 93' lang='grc'><strong>219,</strong></span> <span class='ocrx_word' id='word_1_121' title='bbox 681 1745 719 1804; x_wconf 85' lang='grc'><strong>15</strong></span> <span class='ocrx_word' id='word_1_122' title='bbox 733 1760 801 1823; x_wconf 85' lang='lat' dir='ltr'>sqq.</span> <span class='ocrx_word' id='word_1_123' title='bbox 819 1743 891 1824; x_wconf 90' lang='grc'><strong>221,</strong></span> <span class='ocrx_word' id='word_1_124' title='bbox 909 1743 949 1804; x_wconf 89' lang='grc'><strong>24</strong></span> <span class='ocrx_word' id='word_1_125' title='bbox 962 1743 1054 1824; x_wconf 82' lang='lat' dir='ltr'><strong>sqq).</strong></span> <span class='ocrx_word' id='word_1_126' title='bbox 1091 1743 1161 1807; x_wconf 91' lang='lat' dir='ltr'><strong>Iam</strong></span> <span class='ocrx_word' id='word_1_127' title='bbox 1176 1763 1253 1809; x_wconf 87' lang='lat' dir='ltr'><strong>vero</strong></span> 
     </span>
     <span class='ocr_line' id='line_1_15' title="bbox 97 1840 1254 1929; baseline 0 -19"><span class='ocrx_word' id='word_1_128' title='bbox 97 1846 175 1929; x_wconf 90' lang='lat' dir='ltr'><strong>hae,</strong></span> <span class='ocrx_word' id='word_1_129' title='bbox 199 1865 282 1927; x_wconf 89' lang='lat' dir='ltr'><strong>quae</strong></span> <span class='ocrx_word' id='word_1_130' title='bbox 298 1850 462 1928; x_wconf 85' lang='lat' dir='ltr'><strong>vocantur,</strong></span> <span class='ocrx_word' id='word_1_131' title='bbox 487 1840 666 1918; x_wconf 76' lang='grc' dir='ltr'><em>ἐπιδείξεις</em></span> <span class='ocrx_word' id='word_1_132' title='bbox 682 1844 778 1908; x_wconf 91' lang='lat' dir='ltr'><strong>etiam</strong></span> <span class='ocrx_word' id='word_1_133' title='bbox 794 1843 837 1907; x_wconf 91' lang='lat' dir='ltr'><strong>ad</strong></span> <span class='ocrx_word' id='word_1_134' title='bbox 853 1842 1130 1910; x_wconf 88' lang='lat' dir='ltr'><strong>scholasticas</strong></span> <span class='ocrx_word' id='word_1_135' title='bbox 1150 1851 1254 1910; x_wconf 89' lang='lat' dir='ltr'><strong>osten-</strong></span> 
     </span>
     <span class='ocr_line' id='line_1_16' title="bbox 98 1944 1256 2029; baseline 0.001 -17"><span class='ocrx_word' id='word_1_136' title='bbox 98 1948 254 2029; x_wconf 69' lang='lat' dir='ltr'><strong>tationes</strong></span> <span class='ocrx_word' id='word_1_137' title='bbox 278 1965 361 2028; x_wconf 88' lang='lat' dir='ltr'><strong>quac</strong></span> <span class='ocrx_word' id='word_1_138' title='bbox 383 1946 462 2010; x_wconf 92' lang='lat' dir='ltr'><strong>fiunt</strong></span> <span class='ocrx_word' id='word_1_139' title='bbox 484 1946 517 2010; x_wconf 92' lang='lat' dir='ltr'><strong>in</strong></span> <span class='ocrx_word' id='word_1_140' title='bbox 539 1944 770 2027; x_wconf 89' lang='lat' dir='ltr'><strong>discipulorum</strong></span> <span class='ocrx_word' id='word_1_141' title='bbox 793 1964 900 2028; x_wconf 90' lang='lat' dir='ltr'><strong>usum,</strong></span> <span class='ocrx_word' id='word_1_142' title='bbox 932 1951 1087 2028; x_wconf 87' lang='lat' dir='ltr'><strong>spectant.</strong></span> <span class='ocrx_word' id='word_1_143' title='bbox 1096 1949 1116 2022; x_wconf 83' lang='lat'><strong>¹)</strong></span> <span class='ocrx_word' id='word_1_144' title='bbox 1161 1945 1256 2024; x_wconf 80' lang='lat' dir='ltr'><strong>Quod</strong></span> 
     </span>
     <span class='ocr_line' id='line_1_17' title="bbox 98 2047 1255 2131; baseline -0.001 -15"><span class='ocrx_word' id='word_1_145' title='bbox 98 2050 231 2116; x_wconf 77' lang='lat' dir='ltr'><strong>elicitur</strong></span> <span class='ocrx_word' id='word_1_146' title='bbox 254 2049 420 2131; x_wconf 86' lang='lat' dir='ltr'><strong>exipsius</strong></span> <span class='ocrx_word' id='word_1_147' title='bbox 442 2048 575 2130; x_wconf 86' lang='lat' dir='ltr'><strong>Epicuri</strong></span> <span class='ocrx_word' id='word_1_148' title='bbox 597 2047 715 2130; x_wconf 90' lang='lat' dir='ltr'><strong>verbis,</strong></span> <span class='ocrx_word' id='word_1_149' title='bbox 739 2065 822 2128; x_wconf 89' lang='lat' dir='ltr'><strong>quac</strong></span> <span class='ocrx_word' id='word_1_150' title='bbox 845 2054 972 2113; x_wconf 87' lang='lat' dir='ltr'><strong>exstant</strong></span> <span class='ocrx_word' id='word_1_151' title='bbox 993 2048 1026 2112; x_wconf 94' lang='lat' dir='ltr'><strong>in</strong></span> <span class='ocrx_word' id='word_1_152' title='bbox 1042 2049 1255 2116; x_wconf 91' lang='lat' dir='ltr'><strong>voluminibus</strong></span> 
     </span>
     <span class='ocr_line' id='line_1_18' title="bbox 97 2139 1256 2236; baseline 0.002 -21"><span class='ocrx_word' id='word_1_153' title='bbox 97 2173 131 2236; x_wconf 90' lang='lat' dir='ltr'><strong>p.</strong></span> <span class='ocrx_word' id='word_1_154' title='bbox 150 2153 204 2234; x_wconf 83' lang='lat'><strong>32,</strong></span> <span class='ocrx_word' id='word_1_155' title='bbox 222 2154 261 2215; x_wconf 85' lang='lat'><strong>30</strong></span> <span class='ocrx_word' id='word_1_156' title='bbox 279 2151 331 2228; x_wconf 83' lang='lat' dir='ltr'><strong>(cf.</strong></span> <span class='ocrx_word' id='word_1_157' title='bbox 348 2151 405 2217; x_wconf 90' lang='lat' dir='ltr'><strong>Us.</strong></span> <span class='ocrx_word' id='word_1_158' title='bbox 423 2151 481 2232; x_wconf 82' lang='lat' dir='ltr'><strong>Ep.</strong></span> <span class='ocrx_word' id='word_1_159' title='bbox 498 2170 530 2233; x_wconf 89' lang='lat' dir='ltr'><strong>p.</strong></span> <span class='ocrx_word' id='word_1_160' title='bbox 549 2153 619 2232; x_wconf 82' lang='lat'><strong>112,</strong></span> <span class='ocrx_word' id='word_1_161' title='bbox 637 2153 677 2214; x_wconf 90' lang='grc'><strong>23</strong></span> <span class='ocrx_word' id='word_1_162' title='bbox 693 2153 790 2232; x_wconf 86' lang='lat' dir='ltr'><strong>sqq.):</strong></span> <span class='ocrx_word' id='word_1_163' title='bbox 828 2139 909 2214; x_wconf 79' lang='grc' dir='ltr'><em>όταν</em></span> <span class='ocrx_word' id='word_1_164' title='bbox 938 2145 1000 2232; x_wconf 83' lang='grc' dir='ltr'><strong>γὰρ</strong></span> <span class='ocrx_word' id='word_1_165' title='bbox 1024 2143 1188 2216; x_wconf 75' lang='grc' dir='ltr'><em>ἀκούωσιν</em></span> <span class='ocrx_word' id='word_1_166' title='bbox 1210 2152 1256 2230; x_wconf 79' lang='grc' dir='ltr'><strong>(οἱ</strong></span> 
     </span>
     <span class='ocr_line' id='line_1_19' title="bbox 98 2248 1256 2338; baseline 0.003 -21"><span class='ocrx_word' id='word_1_167' title='bbox 98 2249 318 2336; x_wconf 78' lang='grc' dir='ltr'><em>προσιόντες)</em></span> <span class='ocrx_word' id='word_1_168' title='bbox 348 2248 381 2316; x_wconf 77' lang='grc' dir='ltr'><strong>ἐν</strong></span> <span class='ocrx_word' id='word_1_169' title='bbox 405 2263 479 2326; x_wconf 90' lang='grc' dir='ltr'><em>ταῖς</em></span> <span class='ocrx_word' id='word_1_170' title='bbox 510 2249 651 2327; x_wconf 84' lang='grc' dir='ltr'><em>δείξεσιν</em></span> <span class='ocrx_word' id='word_1_171' title='bbox 679 2253 735 2316; x_wconf 85' lang='grc' dir='ltr'><strong>καὶ</strong></span> <span class='ocrx_word' id='word_1_172' title='bbox 758 2249 981 2336; x_wconf 74' lang='grc' dir='ltr'><em>πανηγύρεσιν</em></span> <span class='ocrx_word' id='word_1_173' title='bbox 1003 2255 1051 2335; x_wconf 77' lang='lat' dir='ltr'><strong>uqi</strong></span> <span class='ocrx_word' id='word_1_174' title='bbox 1072 2251 1155 2338; x_wconf 82' lang='grc' dir='ltr'><em>μήτε</em></span> <span class='ocrx_word' id='word_1_175' title='bbox 1177 2257 1256 2338; x_wconf 85' lang='grc' dir='ltr'><em>περὶ</em></span> 
     </span>
     <span class='ocr_line' id='line_1_20' title="bbox 102 2347 1256 2440; baseline 0 -20"><span class='ocrx_word' id='word_1_176' title='bbox 102 2354 297 2438; x_wconf 77' lang='grc' dir='ltr'><em>συμβουλῆς</em></span> <span class='ocrx_word' id='word_1_177' title='bbox 318 2351 402 2437; x_wconf 71' lang='grc' dir='ltr'><em>μήτε</em></span> <span class='ocrx_word' id='word_1_178' title='bbox 425 2358 505 2433; x_wconf 87' lang='grc' dir='ltr'><em>περί</em></span> <span class='ocrx_word' id='word_1_179' title='bbox 526 2377 617 2428; x_wconf 86' lang='grc' dir='ltr'><em>τινος</em></span> <span class='ocrx_word' id='word_1_180' title='bbox 642 2355 708 2418; x_wconf 83' lang='grc' dir='ltr'><em>τῶν</em></span> <span class='ocrx_word' id='word_1_181' title='bbox 730 2355 771 2439; x_wconf 74' lang='grc' dir='ltr'><em>τῇ</em></span> <span class='ocrx_word' id='word_1_182' title='bbox 794 2351 893 2418; x_wconf 88' lang='grc' dir='ltr'><em>πόλει</em></span> <span class='ocrx_word' id='word_1_183' title='bbox 917 2347 1154 2440; x_wconf 82' lang='grc' dir='ltr'><em>συμφερόντων</em></span> <span class='ocrx_word' id='word_1_184' title='bbox 1170 2351 1256 2421; x_wconf 82' lang='grc' dir='ltr'><em>εἶναι</em></span> 
     </span>
     <span class='ocr_line' id='line_1_21' title="bbox 97 2455 1255 2541; baseline 0.003 -19"><span class='ocrx_word' id='word_1_185' title='bbox 97 2455 283 2541; x_wconf 86' lang='grc' dir='ltr'><em>τὸνλόγον</em></span> <span class='ocrx_word' id='word_1_186' title='bbox 311 2457 379 2520; x_wconf 86' lang='grc' dir='ltr'><em>κτλ.</em></span> <span class='ocrx_word' id='word_1_187' title='bbox 425 2456 505 2522; x_wconf 82' lang='lat' dir='ltr'><strong>(lum</strong></span> <span class='ocrx_word' id='word_1_188' title='bbox 529 2455 591 2522; x_wconf 91' lang='lat' dir='ltr'><strong>hac</strong></span> <span class='ocrx_word' id='word_1_189' title='bbox 622 2458 871 2522; x_wconf 85' lang='lat' dir='ltr'><strong>ostentationum</strong></span> <span class='ocrx_word' id='word_1_190' title='bbox 904 2458 1133 2524; x_wconf 87' lang='lat' dir='ltr'><strong>consuetudine</strong></span> <span class='ocrx_word' id='word_1_191' title='bbox 1166 2460 1255 2525; x_wconf 87' lang='lat' dir='ltr'><strong>aliud</strong></span> 
     </span>
     <span class='ocr_line' id='line_1_22' title="bbox 99 2559 1254 2644; baseline 0 -18"><span class='ocrx_word' id='word_1_192' title='bbox 99 2559 269 2644; x_wconf 89' lang='lat' dir='ltr'><strong>quoddam</strong></span> <span class='ocrx_word' id='word_1_193' title='bbox 299 2559 427 2625; x_wconf 88' lang='lat' dir='ltr'><strong>videtur</strong></span> <span class='ocrx_word' id='word_1_194' title='bbox 456 2559 658 2624; x_wconf 87' lang='lat' dir='ltr'><strong>coniunctum</strong></span> <span class='ocrx_word' id='word_1_195' title='bbox 689 2578 776 2640; x_wconf 85' lang='lat' dir='ltr'><strong>esse,</strong></span> <span class='ocrx_word' id='word_1_196' title='bbox 805 2559 954 2624; x_wconf 89' lang='lat' dir='ltr'><strong>nimirum</strong></span> <span class='ocrx_word' id='word_1_197' title='bbox 976 2562 1018 2643; x_wconf 88' lang='lat' dir='ltr'><strong>(p.</strong></span> <span class='ocrx_word' id='word_1_198' title='bbox 1042 2562 1118 2644; x_wconf 87' lang='grc'><strong>134,</strong></span> <span class='ocrx_word' id='word_1_199' title='bbox 1135 2563 1166 2638; x_wconf 90' lang='grc'><strong>2)</strong></span> <span class='ocrx_word' id='word_1_200' title='bbox 1189 2587 1254 2642; x_wconf 89' lang='grc' dir='ltr'><strong>μι-</strong></span> 
     </span>
     <span class='ocr_line' id='line_1_23' title="bbox 98 2659 1256 2746; baseline 0.002 -20"><span class='ocrx_word' id='word_1_201' title='bbox 98 2659 274 2745; x_wconf 82' lang='grc' dir='ltr'><em>μήματα</em></span> <span class='ocrx_word' id='word_1_202' title='bbox 296 2661 362 2723; x_wconf 77' lang='grc' dir='ltr'><em>τῶν</em></span> <span class='ocrx_word' id='word_1_203' title='bbox 386 2659 564 2724; x_wconf 78' lang='grc' dir='ltr'><em>δικανικῶν</em></span> <span class='ocrx_word' id='word_1_204' title='bbox 593 2662 649 2725; x_wconf 88' lang='grc' dir='ltr'><strong>καὶ</strong></span> <span class='ocrx_word' id='word_1_205' title='bbox 686 2659 971 2742; x_wconf 75' lang='grc' dir='ltr'><em>συμβουλευτικῶν</em></span> <span class='ocrx_word' id='word_1_206' title='bbox 1003 2662 1059 2726; x_wconf 84' lang='grc' dir='ltr'><strong>καὶ</strong></span> <span class='ocrx_word' id='word_1_207' title='bbox 1093 2669 1256 2746; x_wconf 76' lang='grc' dir='ltr'><em>πρεσβευ-</em></span> 
     </span>
     <span class='ocr_line' id='line_1_24' title="bbox 98 2760 1256 2851; baseline 0.005 -23"><span class='ocrx_word' id='word_1_208' title='bbox 98 2765 203 2830; x_wconf 83' lang='grc' dir='ltr'><em>τικῶν</em></span> <span class='ocrx_word' id='word_1_209' title='bbox 227 2760 382 2846; x_wconf 56' lang='grc' dir='ltr'><strong>λόγωνῖ),</strong></span> <span class='ocrx_word' id='word_1_210' title='bbox 407 2783 490 2846; x_wconf 90' lang='lat' dir='ltr'><strong>quae</strong></span> <span class='ocrx_word' id='word_1_211' title='bbox 506 2764 607 2830; x_wconf 86' lang='lat' dir='ltr'><strong>verba</strong></span> <span class='ocrx_word' id='word_1_212' title='bbox 629 2783 670 2828; x_wconf 85' lang='lat' dir='ltr'><strong>ex</strong></span> <span class='ocrx_word' id='word_1_213' title='bbox 685 2783 790 2828; x_wconf 88' lang='lat' dir='ltr'><strong>rerum</strong></span> <span class='ocrx_word' id='word_1_214' title='bbox 807 2783 893 2828; x_wconf 84' lang='lat' dir='ltr'><strong>nexu</strong></span> <span class='ocrx_word' id='word_1_215' title='bbox 915 2771 1052 2846; x_wconf 86' lang='lat' dir='ltr'><strong>apparet</strong></span> <span class='ocrx_word' id='word_1_216' title='bbox 1073 2786 1137 2831; x_wconf 94' lang='lat' dir='ltr'><strong>non</strong></span> <span class='ocrx_word' id='word_1_217' title='bbox 1159 2788 1256 2851; x_wconf 90' lang='lat' dir='ltr'><strong>posse</strong></span> 
     </span>
     <span class='ocr_line' id='line_1_25' title="bbox 99 2863 1255 2952; baseline 0.002 -20"><span class='ocrx_word' id='word_1_218' title='bbox 99 2868 194 2932; x_wconf 86' lang='lat' dir='ltr'><strong>diota</strong></span> <span class='ocrx_word' id='word_1_219' title='bbox 225 2885 297 2932; x_wconf 87' lang='lat' dir='ltr'><strong>esse</strong></span> <span class='ocrx_word' id='word_1_220' title='bbox 327 2865 389 2930; x_wconf 91' lang='lat' dir='ltr'><strong>nisi</strong></span> <span class='ocrx_word' id='word_1_221' title='bbox 419 2865 460 2930; x_wconf 89' lang='lat' dir='ltr'><strong>dc</strong></span> <span class='ocrx_word' id='word_1_222' title='bbox 490 2865 774 2930; x_wconf 83' lang='lat' dir='ltr'><strong>exercitationibus</strong></span> <span class='ocrx_word' id='word_1_223' title='bbox 803 2863 1004 2930; x_wconf 83' lang='lat' dir='ltr'><strong>scholasticis</strong></span> <span class='ocrx_word' id='word_1_224' title='bbox 1028 2866 1255 2952; x_wconf 88' lang='lat' dir='ltr'><strong>sophistarum,</strong></span> 
     </span>
     <span class='ocr_line' id='line_1_26' title="bbox 102 2965 1256 3052; baseline 0.004 -19"><span class='ocrx_word' id='word_1_225' title='bbox 102 2987 192 3052; x_wconf 87' lang='lat' dir='ltr'><strong>quac</strong></span> <span class='ocrx_word' id='word_1_226' title='bbox 208 2972 356 3050; x_wconf 89' lang='lat' dir='ltr'><strong>spectant</strong></span> <span class='ocrx_word' id='word_1_227' title='bbox 370 2965 412 3031; x_wconf 86' lang='lat' dir='ltr'><strong>ad</strong></span> <span class='ocrx_word' id='word_1_228' title='bbox 422 2965 599 3048; x_wconf 88' lang='lat' dir='ltr'><strong>parandam</strong></span> <span class='ocrx_word' id='word_1_229' title='bbox 614 2966 753 3031; x_wconf 85' lang='lat' dir='ltr'><strong>civiliter</strong></span> <span class='ocrx_word' id='word_1_230' title='bbox 769 2965 897 3032; x_wconf 87' lang='lat' dir='ltr'><strong>dicendi</strong></span> <span class='ocrx_word' id='word_1_231' title='bbox 910 2968 1106 3033; x_wconf 86' lang='lat' dir='ltr'><strong>facultatem.</strong></span> <span class='ocrx_word' id='word_1_232' title='bbox 1133 2968 1256 3047; x_wconf 81' lang='lat' dir='ltr'><strong>Quibus</strong></span> 
     </span>
     <span class='ocr_line' id='line_1_27' title="bbox 98 3068 1256 3154; baseline -0.001 -17"><span class='ocrx_word' id='word_1_233' title='bbox 98 3068 232 3136; x_wconf 88' lang='lat' dir='ltr'><strong>accedit</strong></span> <span class='ocrx_word' id='word_1_234' title='bbox 260 3069 405 3133; x_wconf 85' lang='lat' dir='ltr'><strong>tertium:</strong></span> <span class='ocrx_word' id='word_1_235' title='bbox 443 3068 567 3133; x_wconf 87' lang='lat' dir='ltr'><strong>scilicet</strong></span> <span class='ocrx_word' id='word_1_236' title='bbox 595 3073 769 3134; x_wconf 89' lang='lat' dir='ltr'><strong>tractantur</strong></span> <span class='ocrx_word' id='word_1_237' title='bbox 797 3071 947 3144; x_wconf 77' lang='grc' dir='ltr'><em>θέσεις</em></span> <span class='ocrx_word' id='word_1_238' title='bbox 979 3089 1036 3136; x_wconf 90' lang='lat' dir='ltr'><strong>seu</strong></span> <span class='ocrx_word' id='word_1_239' title='bbox 1065 3073 1172 3154; x_wconf 87' lang='lat' dir='ltr'><strong>potius</strong></span> <span class='ocrx_word' id='word_1_240' title='bbox 1205 3071 1256 3136; x_wconf 85' lang='grc' dir='ltr'><em>τὰ</em></span> 
     </span>
     <span class='ocr_line' id='line_1_28' title="bbox 98 3167 1256 3256; baseline 0.004 -20"><span class='ocrx_word' id='word_1_241' title='bbox 98 3167 271 3236; x_wconf 72' lang='grc' dir='ltr'><em>θετικά.</em></span> <span class='ocrx_word' id='word_1_242' title='bbox 315 3169 400 3234; x_wconf 87' lang='lat' dir='ltr'><strong>Nam</strong></span> <span class='ocrx_word' id='word_1_243' title='bbox 429 3167 655 3250; x_wconf 86' lang='lat' dir='ltr'><strong>Philodemus,</strong></span> <span class='ocrx_word' id='word_1_244' title='bbox 685 3175 856 3252; x_wconf 89' lang='lat' dir='ltr'><strong>postquam</strong></span> <span class='ocrx_word' id='word_1_245' title='bbox 885 3171 969 3236; x_wconf 86' lang='lat' dir='ltr'><strong>dixit</strong></span> <span class='ocrx_word' id='word_1_246' title='bbox 998 3192 1068 3239; x_wconf 85' lang='lat' dir='ltr'><strong>osse</strong></span> <span class='ocrx_word' id='word_1_247' title='bbox 1100 3174 1256 3256; x_wconf 89' lang='lat' dir='ltr'><strong>quosdam</strong></span> 
     </span>
     <span class='ocr_line' id='line_1_29' title="bbox 104 3269 1257 3360; baseline 0.003 -20"><span class='ocrx_word' id='word_1_248' title='bbox 104 3270 282 3357; x_wconf 89' lang='lat' dir='ltr'><strong>sophistas,</strong></span> <span class='ocrx_word' id='word_1_249' title='bbox 306 3272 362 3353; x_wconf 95' lang='lat' dir='ltr'><strong>qui</strong></span> <span class='ocrx_word' id='word_1_250' title='bbox 383 3269 592 3353; x_wconf 87' lang='lat' dir='ltr'><strong>profiteantur</strong></span> <span class='ocrx_word' id='word_1_251' title='bbox 615 3289 824 3354; x_wconf 87' lang='lat' dir='ltr'><strong>quaecunque</strong></span> <span class='ocrx_word' id='word_1_252' title='bbox 847 3273 888 3338; x_wconf 89' lang='lat' dir='ltr'><strong>dc</strong></span> <span class='ocrx_word' id='word_1_253' title='bbox 911 3275 1025 3356; x_wconf 88' lang='lat' dir='ltr'><strong>quavis</strong></span> <span class='ocrx_word' id='word_1_254' title='bbox 1048 3294 1083 3339; x_wconf 89' lang='lat' dir='ltr'><strong>re</strong></span> <span class='ocrx_word' id='word_1_255' title='bbox 1104 3275 1169 3342; x_wconf 90' lang='lat' dir='ltr'><strong>dioi</strong></span> <span class='ocrx_word' id='word_1_256' title='bbox 1184 3296 1257 3360; x_wconf 88' lang='lat' dir='ltr'><strong>pos·</strong></span> 
     </span>
    </p>
   </div>
   <div class='ocr_carea' id='block_1_3' title="bbox 98 3384 310 3397">
    <p class='ocr_par' dir='ltr' id='par_1_4' title="bbox 98 3384 310 3397">
     <span class='ocr_line' id='line_1_30' title="bbox 98 3384 310 3397; baseline -0.005 -3"><span class='ocrx_word' id='word_1_257' title='bbox 98 3384 310 3397; x_wconf 81' lang='lat'><strong>...—--—</strong></span> 
     </span>
    </p>
   </div>
   <div class='ocr_carea' id='block_1_4' title="bbox 99 3414 1258 4156">
    <p class='ocr_par' dir='ltr' id='par_1_5' title="bbox 99 3414 1258 3746">
     <span class='ocr_line' id='line_1_31' title="bbox 99 3414 1257 3492; baseline 0.001 -14"><span class='ocrx_word' id='word_1_258' title='bbox 99 3442 151 3487; x_wconf 84' lang='grc' dir='ltr'><strong>τες</strong></span> <span class='ocrx_word' id='word_1_259' title='bbox 163 3417 191 3476; x_wconf 83' lang='grc' dir='ltr'><strong>δ’</strong></span> <span class='ocrx_word' id='word_1_260' title='bbox 208 3417 312 3476; x_wconf 80' lang='grc' dir='ltr'><em>ἄλλοτε</em></span> <span class='ocrx_word' id='word_1_261' title='bbox 331 3416 420 3476; x_wconf 78' lang='grc' dir='ltr'><em>ἄλλον</em></span> <span class='ocrx_word' id='word_1_262' title='bbox 436 3421 485 3475; x_wconf 83' lang='grc' dir='ltr'><strong>καὶ</strong></span> <span class='ocrx_word' id='word_1_263' title='bbox 503 3414 540 3474; x_wconf 74' lang='grc' dir='ltr'><strong>δν</strong></span> <span class='ocrx_word' id='word_1_264' title='bbox 556 3417 642 3489; x_wconf 73' lang='grc' dir='ltr'><em>θέλῃς</em></span> <span class='ocrx_word' id='word_1_265' title='bbox 660 3416 799 3492; x_wconf 69' lang='grc' dir='ltr'><em>ἑκάτερον</em></span> <span class='ocrx_word' id='word_1_266' title='bbox 816 3421 861 3483; x_wconf 86' lang='lat' dir='ltr'><strong>(cf.</strong></span> <span class='ocrx_word' id='word_1_267' title='bbox 880 3437 907 3488; x_wconf 94' lang='lat' dir='ltr'><strong>p.</strong></span> <span class='ocrx_word' id='word_1_268' title='bbox 921 3426 980 3487; x_wconf 89' lang='grc'><strong>329,</strong></span> <span class='ocrx_word' id='word_1_269' title='bbox 992 3428 1097 3491; x_wconf 67' lang='lat' dir='ltr'><strong>lsqql.</strong></span> <span class='ocrx_word' id='word_1_270' title='bbox 1133 3426 1257 3481; x_wconf 82' lang='lat' dir='ltr'><strong>Getarum</strong></span> 
     </span>
     <span class='ocr_line' id='line_1_32' title="bbox 100 3502 1258 3578; baseline 0.004 -17"><span class='ocrx_word' id='word_1_271' title='bbox 100 3521 195 3562; x_wconf 87' lang='lat' dir='ltr'><strong>nonne</strong></span> <span class='ocrx_word' id='word_1_272' title='bbox 213 3521 239 3574; x_wconf 94' lang='lat' dir='ltr'><strong>p.</strong></span> <span class='ocrx_word' id='word_1_273' title='bbox 255 3509 296 3568; x_wconf 80' lang='grc'><strong>19,</strong></span> <span class='ocrx_word' id='word_1_274' title='bbox 310 3507 342 3558; x_wconf 86' lang='grc'><strong>24</strong></span> <span class='ocrx_word' id='word_1_275' title='bbox 360 3503 532 3558; x_wconf 89' lang='lat' dir='ltr'><strong>scribendum</strong></span> <span class='ocrx_word' id='word_1_276' title='bbox 549 3502 586 3559; x_wconf 80' lang='grc' dir='ltr'><strong>ἐν</strong></span> <span class='ocrx_word' id='word_1_277' title='bbox 604 3513 682 3570; x_wconf 84' lang='grc' dir='ltr'><em>τοῖς</em></span> <span class='ocrx_word' id='word_1_278' title='bbox 700 3508 780 3572; x_wconf 83' lang='grc' dir='ltr'><em>περὶ</em></span> <span class='ocrx_word' id='word_1_279' title='bbox 799 3505 954 3578; x_wconf 74' lang='grc' dir='ltr'><em>ἀγωγῆς,</em></span> <span class='ocrx_word' id='word_1_280' title='bbox 972 3507 990 3560; x_wconf 93' lang='lat' dir='ltr'><strong>i.</strong></span> <span class='ocrx_word' id='word_1_281' title='bbox 1010 3523 1033 3561; x_wconf 88' lang='lat' dir='ltr'><strong>e.</strong></span> <span class='ocrx_word' id='word_1_282' title='bbox 1052 3509 1084 3561; x_wconf 92' lang='lat' dir='ltr'><strong>in</strong></span> <span class='ocrx_word' id='word_1_283' title='bbox 1101 3510 1201 3565; x_wconf 90' lang='lat' dir='ltr'><strong>libris</strong></span> <span class='ocrx_word' id='word_1_284' title='bbox 1220 3512 1258 3567; x_wconf 87' lang='lat' dir='ltr'><strong>de</strong></span> 
     </span>
     <span class='ocr_line' id='line_1_33' title="bbox 100 3589 1257 3670; baseline 0.005 -25"><span class='ocrx_word' id='word_1_285' title='bbox 100 3589 349 3654; x_wconf 88' lang='lat' dir='ltr'><strong>institutione,</strong></span> <span class='ocrx_word' id='word_1_286' title='bbox 367 3605 417 3658; x_wconf 92' lang='lat' dir='ltr'><strong>pro</strong></span> <span class='ocrx_word' id='word_1_287' title='bbox 430 3589 471 3655; x_wconf 91' lang='lat' dir='ltr'><strong>iis,</strong></span> <span class='ocrx_word' id='word_1_288' title='bbox 490 3603 559 3657; x_wconf 88' lang='lat' dir='ltr'><strong>quae</strong></span> <span class='ocrx_word' id='word_1_289' title='bbox 570 3589 654 3642; x_wconf 86' lang='lat' dir='ltr'><strong>multo</strong></span> <span class='ocrx_word' id='word_1_290' title='bbox 667 3589 838 3645; x_wconf 86' lang='lat' dir='ltr'><strong>artificiosius</strong></span> <span class='ocrx_word' id='word_1_291' title='bbox 856 3593 969 3660; x_wconf 89' lang='lat' dir='ltr'><strong>protulit</strong></span> <span class='ocrx_word' id='word_1_292' title='bbox 982 3593 1158 3661; x_wconf 87' lang='lat' dir='ltr'><strong>Gomperzius</strong></span> <span class='ocrx_word' id='word_1_293' title='bbox 1171 3600 1257 3670; x_wconf 84' lang='grc' dir='ltr'><em>(περι-</em></span> 
     </span>
     <span class='ocr_line' id='line_1_34' title="bbox 102 3675 718 3746; baseline -0.005 -15"><span class='ocrx_word' id='word_1_294' title='bbox 102 3683 233 3746; x_wconf 88' lang='grc' dir='ltr'><em>αγωγοῖς</em></span> <span class='ocrx_word' id='word_1_295' title='bbox 249 3675 291 3727; x_wconf 88' lang='lat' dir='ltr'><strong>vel</strong></span> <span class='ocrx_word' id='word_1_296' title='bbox 309 3683 502 3746; x_wconf 81' lang='grc' dir='ltr'><em>μυριογωγοῖς</em></span> <span class='ocrx_word' id='word_1_297' title='bbox 520 3689 558 3728; x_wconf 90' lang='lat' dir='ltr'><strong>sc.</strong></span> <span class='ocrx_word' id='word_1_298' title='bbox 579 3675 718 3740; x_wconf 55' lang='lat' dir='ltr'><strong>alciora-l?</strong></span> 
     </span>
    </p>

    <p class='ocr_par' dir='ltr' id='par_1_6' title="bbox 100 3759 1257 3916">
     <span class='ocr_line' id='line_1_35' title="bbox 193 3759 1257 3832; baseline 0.008 -20"><span class='ocrx_word' id='word_1_299' title='bbox 193 3759 278 3823; x_wconf 84' lang='lat' dir='ltr'><strong>1ch</strong></span> <span class='ocrx_word' id='word_1_300' title='bbox 301 3759 353 3813; x_wconf 86' lang='lat' dir='ltr'><strong>huc</strong></span> <span class='ocrx_word' id='word_1_301' title='bbox 370 3774 400 3812; x_wconf 89' lang='lat' dir='ltr'><strong>re</strong></span> <span class='ocrx_word' id='word_1_302' title='bbox 423 3760 451 3813; x_wconf 94' lang='lat' dir='ltr'><strong>in</strong></span> <span class='ocrx_word' id='word_1_303' title='bbox 473 3759 626 3814; x_wconf 87' lang='lat' dir='ltr'><strong>universum</strong></span> <span class='ocrx_word' id='word_1_304' title='bbox 644 3777 668 3815; x_wconf 87' lang='lat' dir='ltr'><strong>v.</strong></span> <span class='ocrx_word' id='word_1_305' title='bbox 696 3760 806 3827; x_wconf 78' lang='lat' dir='ltr'><strong>Quintil.</strong></span> <span class='ocrx_word' id='word_1_306' title='bbox 830 3761 857 3815; x_wconf 91' lang='grc' dir='ltr'><strong>ΙΙ</strong></span> <span class='ocrx_word' id='word_1_307' title='bbox 881 3762 970 3830; x_wconf 87' lang='lat' dir='ltr'><strong>capite</strong></span> <span class='ocrx_word' id='word_1_308' title='bbox 986 3762 1013 3816; x_wconf 92' lang='lat' dir='ltr'>X</span> <span class='ocrx_word' id='word_1_309' title='bbox 1031 3763 1148 3832; x_wconf 64' lang='lat' dir='ltr'><strong>integrm</strong></span> <span class='ocrx_word' id='word_1_310' title='bbox 1172 3765 1257 3822; x_wconf 88' lang='lat' dir='ltr'><strong>Isocr.</strong></span> 
     </span>
     <span class='ocr_line' id='line_1_36' title="bbox 100 3844 294 3916; baseline -0.01 -16"><span class='ocrx_word' id='word_1_311' title='bbox 100 3844 216 3916; x_wconf 84' lang='lat' dir='ltr'><strong>pansth.</strong></span> <span class='ocrx_word' id='word_1_312' title='bbox 235 3847 294 3898; x_wconf 79' lang='grc'><strong>233.</strong></span> 
     </span>
    </p>

    <p class='ocr_par' dir='ltr' id='par_1_7' title="bbox 102 3928 1257 4156">
     <span class='ocr_line' id='line_1_37' title="bbox 191 3928 1257 3996; baseline 0.008 -14"><span class='ocrx_word' id='word_1_313' title='bbox 191 3933 217 3996; x_wconf 89' lang='grc'><strong>2)</strong></span> <span class='ocrx_word' id='word_1_314' title='bbox 236 3929 271 3983; x_wconf 87' lang='grc' dir='ltr'><strong>ο1.</strong></span> <span class='ocrx_word' id='word_1_315' title='bbox 284 3928 395 3996; x_wconf 74' lang='lat' dir='ltr'><strong>Quintil.</strong></span> <span class='ocrx_word' id='word_1_316' title='bbox 414 3930 478 3984; x_wconf 86' lang='lat' dir='ltr'><strong>inst.</strong></span> <span class='ocrx_word' id='word_1_317' title='bbox 497 3929 619 3994; x_wconf 84' lang='lat'><strong>114,41:</strong></span> <span class='ocrx_word' id='word_1_318' title='bbox 639 3945 701 3984; x_wconf 88' lang='lat' dir='ltr'><strong>nam</strong></span> <span class='ocrx_word' id='word_1_319' title='bbox 719 3931 797 3986; x_wconf 88' lang='lat' dir='ltr'><strong>fictas</strong></span> <span class='ocrx_word' id='word_1_320' title='bbox 815 3932 851 3986; x_wconf 93' lang='lat' dir='ltr'><strong>ad</strong></span> <span class='ocrx_word' id='word_1_321' title='bbox 868 3933 1042 3986; x_wconf 87' lang='lat' dir='ltr'><strong>imitationem</strong></span> <span class='ocrx_word' id='word_1_322' title='bbox 1061 3933 1114 3989; x_wconf 84' lang='lat' dir='ltr'><strong>furi</strong></span> <span class='ocrx_word' id='word_1_323' title='bbox 1131 3936 1257 3991; x_wconf 88' lang='lat' dir='ltr'><strong>consilio·</strong></span> 
     </span>
     <span class='ocr_line' id='line_1_38' title="bbox 102 4014 1257 4084; baseline 0.004 -14"><span class='ocrx_word' id='word_1_324' title='bbox 102 4030 217 4082; x_wconf 88' lang='lat' dir='ltr'><strong>rumque</strong></span> <span class='ocrx_word' id='word_1_325' title='bbox 229 4014 357 4069; x_wconf 83' lang='lat' dir='ltr'><strong>materias</strong></span> <span class='ocrx_word' id='word_1_326' title='bbox 370 4015 444 4084; x_wconf 90' lang='lat' dir='ltr'><strong>apud</strong></span> <span class='ocrx_word' id='word_1_327' title='bbox 457 4015 576 4070; x_wconf 85' lang='lat' dir='ltr'><strong>Graecos</strong></span> <span class='ocrx_word' id='word_1_328' title='bbox 595 4015 685 4070; x_wconf 86' lang='lat' dir='ltr'><strong>dicare</strong></span> <span class='ocrx_word' id='word_1_329' title='bbox 698 4017 771 4070; x_wconf 87' lang='lat' dir='ltr'><strong>circa</strong></span> <span class='ocrx_word' id='word_1_330' title='bbox 783 4017 948 4072; x_wconf 85' lang='lat' dir='ltr'><strong>Demetrium</strong></span> <span class='ocrx_word' id='word_1_331' title='bbox 961 4018 1092 4072; x_wconf 86' lang='lat' dir='ltr'><strong>Phalerea</strong></span> <span class='ocrx_word' id='word_1_332' title='bbox 1104 4020 1257 4075; x_wconf 86' lang='lat' dir='ltr'><strong>institutum</strong></span> 
     </span>
     <span class='ocr_line' id='line_1_39' title="bbox 103 4101 297 4156; baseline -0.021 0"><span class='ocrx_word' id='word_1_333' title='bbox 103 4101 162 4156; x_wconf 86' lang='lat' dir='ltr'><strong>lere</strong></span> <span class='ocrx_word' id='word_1_334' title='bbox 181 4104 297 4155; x_wconf 87' lang='lat' dir='ltr'><strong>constat.</strong></span> 
     </span>
    </p>
   </div>
   <div class='ocr_carea' id='block_1_5' title="bbox 0 0 1518 4886">
    <p class='ocr_par' dir='ltr' id='par_1_8' title="bbox 0 0 1518 4886">
     <span class='ocr_line' id='line_1_40' title="bbox 0 0 1518 4886; baseline 0 0"><span class='ocrx_word' id='word_1_335' title='bbox 0 0 1518 4886; x_wconf 95' lang='lat' dir='ltr'><strong> </strong></span> 
     </span>
    </p>
   </div>
  </div>
 </body>
</html>
