2990 4886
269 303 310 358 De
328 304 469 360 notionum
486 299 635 369 πολιτικὸς
652 307 679 357 et
697 299 833 374 σοφιστὴς
850 317 902 358 usu
920 303 1065 360 rhetorIco.
1189 305 1248 363 191

100 477 223 544 ἔννοιαι
239 462 338 542 οὖσαι
354 468 501 562 ἀφελεῖς)
516 477 564 560 τῷ
582 471 668 560 λόγῳ
684 477 731 559 aqi
747 475 921 560 πολιτικῷ,
941 477 961 541 i.
979 495 1006 542 e.
1023 478 1172 560 oratorio,
1188 497 1251 545 non

100 581 236 666 simplici
259 579 388 646 dicendi
411 579 532 663 generi.

183 682 403 766 Hermogenes
426 681 532 764 igitur,
556 699 652 763 quem
668 680 732 746 cito
754 679 839 764 pedo
862 684 998 749 transire
1019 701 1123 766 neque
1145 684 1250 766 potui·

100 805 167 852 mus
189 803 294 867 neque
316 785 486 864 voluimus,
510 783 631 867 quippe
649 783 700 848 cui
717 802 780 865 quo
803 784 958 850 maiorem
980 791 1116 863 veteres,
1138 804 1177 851 eo
1193 786 1250 850 mi·

99 907 207 953 norem
222 893 350 953 nostrae
365 887 480 952 astatis
495 883 642 951 homines
658 903 788 967 operam
804 887 968 970 impertire
990 887 1130 970 videam,
1154 907 1251 971 qua·

100 990 343 1072 druplioem,
359 989 422 1054 nisi
437 986 516 1070 quid
532 1005 583 1052 me
598 988 690 1071 sugit,
707 987 841 1069 praebet
853 990 942 1056 vocis
957 986 1132 1066 πολιτικὸς
1146 1010 1248 1057 usum.

100 1092 279 1158 Adhibet
294 1091 397 1156 enim
415 1108 497 1155 eam
514 1091 682 1173 primum
699 1089 852 1172 eodem,
872 1091 1250 1175 quoHermagoras,

99 1214 234 1277 sensu,
269 1193 421 1259 deinde
449 1192 707 1276 amplissima
736 1210 866 1275 eaque
892 1195 1106 1287 peculiari
1135 1201 1248 1277 pote-

100 1303 222 1378 state,
238 1304 316 1362 tum
332 1296 493 1361 ratione
509 1294 723 1378 plerisque
738 1296 892 1360 usitata
907 1295 1249 1379 (degeneredelib.

101 1399 376 1479 etiudiciali),
393 1397 586 1481 denique,
603 1395 819 1479 utvidetur,
835 1397 1075 1465 Aristidiain
1091 1399 1250 1470 modum.

183 1501 251 1566 Iam
282 1499 450 1566 videamus
472 1497 760 1581 Alexandrum,
789 1497 878 1566 ouius
907 1506 1033 1582 patrem
1058 1500 1251 1567 Numenium

101 1603 256 1670 Hadriani
279 1602 476 1686 temporibus
499 1601 621 1666 vixIsse
637 1599 755 1666 Suidas
778 1621 803 1667 s.
827 1621 857 1666 v.
877 1600 1068 1687 Νουμήνιος
1090 1605 1180 1671 testis
1203 1611 1252 1671 est

105 1741 136 1750 -
155 1705 250 1771 huius
266 1704 349 1770 enim
368 1709 522 1787 excerpta
536 1723 617 1786 esse,
641 1722 724 1786 quae
740 1701 795 1768 diu
810 1703 1000 1786 legebantur
1014 1707 1047 1770 iu
1063 1707 1251 1774 tractatibus

101 1809 176 1890 περὶ
193 1804 425 1872 ἐπιδεικτικῶν
437 1804 604 1871 Menandri
620 1812 653 1870 et
670 1805 723 1871 Ps.
735 1805 912 1888 Menandri,
929 1807 1025 1872 etiam
1040 1827 1101 1890 ego
1116 1808 1251 1884 credo.¹)

100 1911 134 1976 ln
150 1909 201 1977 his
216 1911 314 1994 igitur
329 1909 490 1992 excerptis
513 1907 580 1990 (Sp.
595 1907 643 1972 III
660 1913 687 1989 l,
704 1911 733 1973 9.
750 1907 799 1972 W.
816 1907 864 1972 IX
879 1909 953 1985 332)
968 1909 1119 1992 legimus:
1136 1902 1252 1976 οὐκοῦν

99 2013 162 2077 τῶν
186 2012 370 2076 πολιτικιῦν
394 2008 499 2094 λόγων
521 2021 610 2092 τρεῖς
633 2006 718 2074 εἰσιν
740 2002 940 2090 ὑποθέσεις,
969 2007 1143 2095 ἐγκώμιον,
1169 2033 1273 2106 crupt-¹

99 2113 217 2201 βουλή,
244 2112 315 2200 δίκη
345 2149 387 2159 -
409 2113 465 2179 uhi
487 2113 541 2178 vel
569 2131 611 2178 ex
634 2111 745 2178 ordine
774 2131 927 2196 generum
950 2115 1127 2199 sophistam
1155 2117 1252 2183 facile

101 2217 328 2302 cognoveris.²)
372 2215 472 2282 Vides
500 2213 645 2298 proiecto
674 2212 750 2280 huic
770 2213 891 2281 rhetori
919 2214 1113 2293 notaacnota
1135 2215 1252 2301 λόγους

102 2340 170 2387 esse
199 2319 391 2402 tripertitos,
421 2317 507 2402 quod
537 2317 614 2399 quin
642 2316 852 2400 repetendum
882 2319 924 2384 sit
946 2339 987 2384 ex
1010 2320 1067 2385 illa
1095 2320 1249 2406 doctriua,

101 2423 187 2490 cuius
210 2422 282 2488 sive
303 2427 414 2486 auctor
436 2420 506 2486 sive
529 2419 822 2502 praestantissimus
842 2439 959 2504 praeco
975 2427 1072 2504 atque
1094 2423 1250 2506 interpres

101 2523 309 2591 Aristides
332 2522 400 2602 fuit,
423 2521 503 2586 mihi
526 2520 657 2604 quidem
679 2540 743 2586 non
766 2527 815 2587 est
838 2521 986 2605 dubium;
1010 2523 1097 2607 quod
1116 2544 1155 2590 eo
1178 2544 1250 2590 con·

100 2625 249 2693 fidentius
271 2623 354 2707 dico,
378 2625 454 2706 quia
469 2623 525 2707 Sp.
547 2623 661 2706 11112,
680 2626 718 2686 16
740 2623 803 2700 (W.
819 2622 897 2688 VIII
912 2627 986 2698 429)
1010 2633 1137 2692 exstant
1151 2627 1252 2694 verba

187 2797 208 2859 l)
229 2791 269 2845 Ol.
290 2790 367 2844 Wala
385 2791 427 2844 rh.
447 2790 493 2844 Gr.
512 2789 551 2843 IX
568 2807 595 2859 p.
615 2794 661 2844 331
673 2805 731 2858 sqq.
750 2789 886 2858 Spengelii
910 2791 951 2845 rh.
971 2789 1017 2844 Gr.
1037 2791 1077 2844 III
1098 2791 1149 2860 pri.
1169 2809 1196 2860 p.
1210 2793 1251 2847 III

102 2881 128 2930 et
144 2893 171 2946 p.
192 2881 216 2932 1.
234 2907 269 2915 -
287 2876 386 2930 Bernh.
406 2873 548 2937 Steusloff,
572 2874 671 2943 quihus
689 2874 723 2929 de
741 2875 831 2930 musis
848 2875 927 2930 Alex.
946 2874 1026 2929 Num.
1045 2879 1096 2930 eto.
1114 2876 1183 2930 liber
1200 2893 1250 2946 pu-

101 2961 198 3016 tandus
211 2961 247 3016 sit
265 2961 375 3029 spurius
387 2965 415 3014 et
427 2974 496 3028 quae
513 2959 646 3028 epitomae
657 2973 690 3013 ex
702 2959 761 3014 elus
772 2959 842 3013 libro
860 2965 1004 3028 excerptae
1020 2960 1166 3029 supersint.
1185 2960 1249 3018 dIss.

102 3041 244 3102 vratislu'u.
263 3060 289 3100 a.
310 3049 372 3100 1861
393 3062 420 3114 p.
434 3049 457 3098 6.
477 3075 509 3085 -
528 3043 558 3098 Ο.
572 3044 696 3109 Bursian,
714 3045 770 3100 Der
789 3044 892 3100 Rhetor
910 3045 1076 3100 Menandros
1093 3062 1121 3100 u.
1134 3060 1156 3100 s.
1175 3047 1250 3103 Schr.

104 3134 165 3186 rosa
182 3147 210 3199 p.
225 3135 250 3184 s.

184 3221 210 3282 2)
221 3215 364 3270 Hocrelim
374 3215 584 3269 animadvertas:
594 3213 666 3284 apud
675 3215 851 3271 Platonem
861 3215 906 3284 (cl.
914 3215 1028 3270 Phaedr.
1035 3233 1061 3286 p.
1069 3219 1115 3270 261
1125 3217 1159 3271 A.
1167 3216 1250 3286 Soph.

101 3319 125 3370 p.
138 3305 186 3356 222
197 3302 218 3355 C
228 3301 263 3356 D.
282 3300 394 3356 Theaet.
413 3316 439 3369 p.
457 3300 547 3354 1731).
568 3299 656 3355 1740.
670 3299 752 3368 Gorg.
764 3301 858 3354 452E.
877 3305 927 3354 454
937 3301 971 3356 Ε,
985 3301 1104 3370 Euthyd.
1117 3318 1144 3370 p.
1158 3306 1208 3357 290
1217 3303 1252 3369 A)

100 3385 223 3441 ludioiale
231 3401 317 3454 genus
326 3386 441 3455 primum
450 3385 540 3440 locum
549 3391 623 3440 tenet
633 3386 715 3454 (quod
724 3386 793 3455 expl.
803 3386 917 3440 Aristot.
928 3392 979 3440 art.
990 3387 1060 3441 rhet.
1070 3403 1097 3456 p.
1110 3388 1188 3441 135412
1199 3392 1251 3454 26).

102 3471 307 3526 Aristoteles
319 3470 364 3535 (cl.
377 3487 404 3540 p.
417 3475 464 3525 143
474 3470 536 3524 adn.
550 3475 582 3535 l),
595 3477 681 3525 auct.
695 3471 735 3524 ad
747 3469 986 3538 Alexandrum,
998 3471 1167 3540 EpIcurei
1178 3473 1253 3542 prin·

102 3556 185 3624 clpam
202 3555 292 3610 locum
303 3555 427 3610 tribuunt
438 3558 480 3630 τῷ
491 3559 723 3630 συμβουλευτικῷ
738 3554 822 3627 γένει.
851 3556 1079 3624 Hermagoras
1098 3559 1126 3610 et
1137 3557 1252 3612 Mlau-

103 3642 218 3696 ciauus
230 3646 445 3710 praeposuerunt
456 3635 490 3697 τὸ
504 3635 649 3698 δικανικὸν
661 3636 736 3707 εἶδος
747 3646 815 3696 teste
826 3642 890 3710 Sop.
904 3639 948 3695 W.
960 3641 999 3696 IV
1011 3645 1053 3709 63,
1071 3657 1104 3696 ao
1116 3642 1157 3695 rel
1169 3641 1250 3698 Dio·

103 3727 213 3793 nysius
225 3742 253 3794 p.
266 3729 325 3792 488,
339 3732 353 3780 5
365 3725 436 3780 hanc
448 3727 580 3780 rationem
592 3726 723 3794 sequItur,
738 3741 770 3780 eo
783 3727 907 3781 nimirum
918 3728 988 3793 loco,
1002 3742 1055 3795 quo
1067 3728 1147 3780 etiam
1159 3741 1252 3782 vocem

103 3804 247 3876 πολιτικὸς
257 3809 440 3878 Hermagoran
458 3825 539 3866 sensu
552 3810 663 3866 adhibet
680 3811 725 3876 tol.
738 3827 765 3879 p.
782 3815 847 3876 166).
877 3811 958 3880 Apud
970 3810 1198 3868 Alexandrum
1217 3807 1251 3868 τὸ

102 3889 328 3962 ἐγκωμιαστικὸν
345 3890 420 3959 εἶδος
437 3894 553 3962 prtmum
564 3901 615 3952 est.
651 3894 741 3962 Digna
753 3895 821 3950 haec
833 3911 885 3962 res,
904 3911 973 3965 quae
991 3897 1146 3952 accuratius
1163 3897 1252 3965 inqui·

103 3985 185 4044 ratur,
203 3979 302 4049 quippe
315 3995 384 4046 quae
396 3995 457 4034 cum
469 3985 612 4036 auctorum
624 3980 723 4046 indole,
741 3980 807 4036 artis
821 3987 903 4047 statu,
922 3984 1074 4052 temporum
1092 3982 1251 4038 condIcione

103 4062 253 4119 interiorem
271 4064 371 4120 habeat
387 4064 527 4120 rationem.
564 4065 605 4120 CI.
625 4065 749 4135 Spengel,
766 4065 859 4133 philol.
877 4066 968 4123 XVIII
986 4083 1013 4136 p.
1033 4071 1091 4122 608.
