3004 4886
252 315 316 372 244
678 315 790 370 Carolus
809 315 1014 370 Brandstaetter

252 508 364 571 porum
387 494 517 572 propter
540 507 606 553 rem
629 489 731 572 ipsam
755 481 902 571 proprius
925 509 1000 555 usus
1024 497 1081 572 est,
1108 510 1173 572 quo
1196 491 1312 558 dicitur
1334 512 1400 555 σο-

251 587 451 675 φιστικὸς
473 587 644 670 θρόνος,
675 591 822 655 nimirum
853 589 1054 656 cathedra
1076 591 1345 660 Atheniensis
1366 603 1403 660 et

250 694 439 776 Romana,
468 712 541 775 qna
564 692 793 776 epidictica
814 713 876 758 ars
899 692 1150 759 tradebatur.
1194 695 1402 763 Philostratus

250 795 391 878 quidem,
415 801 568 878 quantum
591 814 651 876 ego
673 795 797 876 inveni,
820 815 976 878 nusquam
1001 795 1079 861 dicit
1102 794 1299 882 deplorando
1322 791 1402 882 θρό-

251 920 321 976 νος,
348 896 435 962 hsud
459 897 556 962 dubie
578 917 655 963 vero
679 897 764 961 idem
788 897 891 978 valet,
915 897 1000 980 quod
1023 899 1140 981 legitur
1161 898 1193 962 Il
1217 905 1266 981 10,
1283 905 1312 978 4,
1335 901 1402 963 τοῦ

249 1000 327 1063 τοῖν
357 1000 574 1078 σοφιστῶν
600 995 768 1076 θρόνον.
814 999 864 1063 De
886 1019 939 1081 eo,
971 1001 1025 1082 qui
1052 999 1126 1065 huic
1156 1003 1323 1084 oppositus
1346 1009 1402 1079 est,

249 1099 456 1185 πολιτικῷ
478 1098 618 1184 θρόνῳ
641 1101 798 1184 (1120,1)
822 1120 919 1183 supra
941 1102 1038 1166 locuti
1062 1122 1171 1168 sumus
1191 1123 1224 1186 p.
1243 1107 1320 1186 ¹943
1345 1103 1402 1170 hac

250 1211 356 1270 autem
378 1205 582 1288 oppositione
599 1203 776 1268 luculenter
798 1203 987 1268 remittimur
1002 1203 1045 1268 ad
1060 1206 1248 1270 sollemnem
1265 1205 1319 1270 Ph
1330 1206 1401 1272 ilo·

248 1305 351 1370 demi
374 1305 504 1370 dicendi
526 1325 627 1370 usum.
1047 1353 1050 1360 .

333 1409 471 1478 lecimus
492 1408 598 1489 igitur,
622 1412 710 1490 puto,
733 1407 849 1472 Dionis
865 1413 897 1472 et
913 1405 1101 1472 Philostrati
1122 1409 1280 1491 imprimis
1303 1410 1401 1492 copiis
1492 1425 1493 1448 ¹

249 1511 299 1576 usi
314 1517 478 1592 tamquam
493 1509 711 1592 fundamenta,
728 1509 843 1592 quibus
860 1509 922 1575 nisi
938 1516 1116 1575 ceterorum
1131 1516 1296 1575 auctorum
1312 1531 1400 1576 usum

249 1612 513 1677 examinabimus.
552 1613 763 1677 Revertamur
786 1630 863 1692 ergo
879 1610 921 1675 ad
938 1611 1063 1675 initium
1087 1612 1218 1677 alterius
1233 1633 1265 1695 p.
1283 1611 1358 1678 Chr.
1373 1634 1399 1678 n.

249 1715 380 1796 saeculi,
402 1713 488 1779 unde
510 1715 646 1797 proiecti
668 1713 710 1778 ad
734 1721 914 1796 temporum
941 1714 1098 1779 rationem
1120 1735 1216 1780 voces
1240 1712 1403 1800 σοφιστὴς
1492 1737 1493 1760 l

247 1826 280 1882 ct
300 1813 499 1902 σοφιστικός
521 1816 610 1900 apud
632 1817 775 1898 singulos
799 1817 971 1898 scriptores
994 1815 1153 1899 quomodo
1175 1815 1343 1884 adhibitae
1358 1820 1400 1884 in·
1492 1823 1493 1836 ¹

249 1919 427 2002 veniuntur,
451 1920 715 1985 demonstremus.
755 1920 861 2000 Atque
878 1919 909 1982 in
925 1919 1109 1984 universum
1126 1918 1257 2000 quidem
1274 1957 1316 1966 -
1331 1929 1402 1986 nani

248 2022 346 2104 paulo
376 2023 501 2086 variare
530 2020 797 2104 significationem
822 2040 863 2086 ex
886 2021 1029 2085 locorum
1058 2028 1171 2086 natura
1202 2041 1331 2105 semper
1356 2031 1403 2090 est

247 2124 421 2189 tenendum
447 2156 490 2168 ——·
517 2123 552 2188 id
581 2123 890 2205 animadvertemus,
921 2123 1007 2205 quod
1038 2143 1078 2188 ex
1108 2122 1272 2206 sophistae
1302 2125 1402 2208 ipsius
1433 2179 1448 2198 ,

248 2226 410 2309 duplici
440 2225 550 2292 indole
581 2227 739 2309 sequitur,
769 2226 894 2290 scilicet
916 2245 992 2290 mox
1016 2225 1179 2308 epidictici
1208 2228 1401 2308 oratoris,

250 2348 326 2393 mox
349 2328 538 2411 magistri
559 2329 637 2393 artis
661 2325 929 2409 significationem
951 2327 1149 2410 praevalere.

332 2431 597 2506 Demetrius¹l
619 2431 651 2494 in
667 2430 749 2495 libro
766 2429 845 2511 περὶ
868 2425 1042 2512 ἑρμηνείας
1065 2429 1193 2512 scripto,
1217 2448 1314 2511 quem
1331 2428 1403 2495 huic
1492 2435 1493 2438 ’

249 2534 385 2614 tempori
412 2533 587 2598 tribuentes
609 2533 740 2596 minime
764 2552 784 2596 a
806 2551 884 2598 vcro
907 2551 964 2596 nos
987 2531 1189 2596 aberraturos
1212 2529 1341 2597 confido
1362 2551 1403 2596 ex

248 2633 454 2714 technologia
476 2635 677 2716 potissimum
701 2633 829 2700 indiciis
853 2635 987 2717 sumptis
997 2637 1031 2716 2),
1059 2633 1140 2699 haec
1161 2631 1295 2698 exhibet
1318 2654 1345 2700 c.
1364 2637 1401 2697 15

246 2735 316 2819 (Sp.
333 2736 381 2800 ΙΙΙ
398 2739 471 2818 264,
487 2741 516 2801 4.
540 2737 589 2802 W.
612 2737 660 2802 IX
685 2739 751 2814 10):
776 2732 944 2814 δοκιμάζω
965 2732 1028 2819 γὰρ
1052 2731 1091 2822 δὴ
1115 2732 1215 2818 ἔγωγε
1236 2732 1320 2818 μήτε
1342 2758 1402 2798 νιε-

247 2836 376 2920 patiore
398 2828 478 2902 ὅλον
500 2835 558 2902 τὸν
581 2836 678 2922 λόγον
701 2840 928 2923 σννεόρεσθαι,
952 2831 1030 2912 eisd
1050 2841 1201 2922 Γοργίου,
1225 2834 1309 2923 μήτε
1329 2837 1402 2902 διο·
1492 2913 1493 2952 p

246 2973 290 3026 dic
306 2970 489 3042 sophistisohc
502 2970 622 3035 llilcts'on,
641 2971 734 3036 λέξις
752 2967 941 3039 πολιτική“.
976 2969 1036 3024 Hoc
1054 2969 1123 3022 enim
1136 2984 1151 3022 e
1164 2969 1302 3024 contrario
1321 2971 1346 3024 si
1362 2969 1401 3023 di·
1492 2965 1493 3052 J

245 3058 344 3120 risset,
368 3071 460 3110 verum
484 3056 603 3110 dixisset.
639 3056 671 3108 In
689 3057 843 3110 universum
865 3055 939 3108 hunc
957 3071 980 3108 v.
1000 3055 1026 3108 d.
1044 3053 1080 3108 ad
1102 3069 1214 3122 prorsus
1237 3058 1346 3109 rectum
1368 3055 1402 3110 de

246 3142 333 3206 alters
355 3142 504 3208 sophistica
527 3140 655 3194 iudicium
679 3156 734 3194 non
757 3140 912 3209 pervenisse
929 3140 986 3194 iuro
1007 3144 1098 3192 monet
1116 3138 1319 3206 Baumgartius‚
1342 3139 1399 3194 Acl.

247 3227 330 3280 Arist.
350 3229 401 3278 etc.
417 3242 444 3292 p.
458 3228 550 3293 lsqq,
569 3225 714 3294 praecipue
732 3243 758 3294 p.
773 3228 788 3279 8
806 3225 886 3278 infra.
1106 3295 1109 3300 Δ

332 3316 356 3374 lt
375 3310 456 3380 Apud
469 3309 716 3377 Quintilianum
735 3325 870 3378 nusquam
888 3308 962 3363 vocis
980 3308 1103 3376 sophista
1119 3308 1280 3360 mentionem
1299 3310 1399 3374 inveni;

247 3395 395 3463 cognoscis,
414 3395 518 3463 opinor,
537 3395 689 3462 diligentem
701 3396 839 3449 custodem
852 3393 930 3462 puri
942 3394 1073 3448 sermonis
1085 3392 1185 3445 Latini.
1216 3392 1400 3448 Suetonius
1492 3441 1493 3450 ,

245 3483 376 3545 rhetores,
395 3480 565 3549 eloquentiae
577 3481 710 3547 doctores,
729 3480 907 3549 professores,
925 3479 991 3533 artis
1007 3478 1159 3531 rhetoricae
1171 3477 1315 3543 magistros
1329 3495 1400 3533 eom·

246 3561 1400 3634 memorat,sophistarummentionerniacitnunquam,nisiquodexststp.tottii:
1492 3619 1493 3630 ¹

240 3646 285 3704 ‘in
297 3650 556 3718 antisophistas
568 3649 687 3704 Orbilius
699 3650 813 3704 acerbae
825 3641 947 3715 auimac',
960 3650 992 3702 ut
1003 3648 1091 3716 ipsum
1101 3645 1233 3720 Orbilium
1243 3647 1400 3717 Tranquillo
1492 3637 1493 3660 ³

246 3735 396 3805 sophistam
415 3737 500 3789 visum
518 3748 577 3787 esse
594 3739 805 3789 consentaneum
824 3735 867 3788 sit.

331 3825 357 3886 2)
374 3819 543 3888 Quamquam
554 3819 787 3873 Volkmannus
805 3819 878 3887 apud
891 3818 936 3872 Iw.
949 3816 1107 3870 Mhllerum¹
1118 3815 1145 3869 11
1161 3832 1188 3885 p.
1202 3819 1250 3871 457
1271 3821 1299 3870 et
1318 3816 1399 3886 paulo
1492 3857 1493 3860 η

246 3905 354 3962 cautius
372 3906 399 3959 in
417 3906 503 3960 sltera
520 3904 638 3958 editione
656 3921 683 3972 p.
697 3908 744 3958 641
765 3905 879 3958 mediam
903 3903 1051 3957 alterius
1069 3907 1149 3956 ante
1169 3901 1231 3956 Ohr.
1251 3919 1278 3956 n.
1298 3901 1400 3956 sseculi

243 3995 350 4060 partem
367 3992 393 4044 ei
409 3989 539 4056 vindicam
559 3989 630 4057 quod
649 3990 696 4057 qui
712 3991 838 4058 probant,
856 3986 1040 4054 transferant,
1058 4001 1165 4056 quaeso,
1186 4001 1256 4055 quae
1274 3987 1308 4040 de
1326 3985 1399 4040 vocis

244 4072 415 4146 σοφιστικός
431 4076 459 4128 in
477 4089 508 4128 eo
528 4089 579 4127 usu
597 4075 696 4138 dicam,
720 4074 755 4128 ad
771 4075 816 4128 illa
834 4077 970 4140 tempora:
994 4075 1104 4127 nostrae
1121 4073 1160 4126 rei
1177 4088 1240 4127 non
1264 4069 1397 4126 efficienti
