3004 4886
231 331 292 388 262
412 372 415 380 .
617 403 618 406 Ἴ
651 328 761 384 carolus
779 327 984 382 Brandstaetter

231 506 380 571 steriores
403 503 567 587 sophistae
590 503 767 584 generatim
789 521 853 567 non
876 501 1064 568 secernendi
1088 502 1151 568 sint
1173 503 1255 567 ah'’
1233 522 1282 587 rrs,
1308 523 1396 584 quos
1494 555 1495 600 3

233 608 407 690 Dionysius
430 605 518 686 dicit,
542 605 600 671 sed
620 606 683 669 sint
706 603 815 686 iidem,
838 604 969 668 minime
991 604 1068 669 licet
1089 603 1197 670 dicere
1221 623 1293 670 cum
1308 605 1397 670 Kai-

231 709 334 774 belio:
348 701 406 769 D.
419 705 496 771 Hal.
513 707 568 768 mit
578 706 681 767 scinco
699 703 921 767 atticisthohcn
933 703 1169 786 Bcslrcbunpeo
1184 703 1296 788 mass
1282 727 1315 768 m
1331 705 1397 768 den

230 811 288 870 all
296 819 508 892 creapstea
535 807 869 889 Zuscmmenhanp
899 808 956 868 mut
983 805 1041 868 der
1071 809 1201 869 zwciten
1225 805 1395 891 Sophartilr

228 910 380 993 gebracht
402 902 547 973 werden.
585 911 760 994 Dionysius
783 917 869 975 certe
884 909 965 975 nihil
982 910 1085 976 minus
1109 911 1268 995 expetivit
1290 930 1393 993 quarn

231 1020 265 1078 ut
294 1014 360 1078 snis
390 1011 505 1078 studiis
533 1012 690 1095 sophistis
716 1012 855 1091 faveret3
885 1011 965 1076 illud
994 1032 1045 1077 me
1075 1011 1268 1094 concedere,
1301 1011 1394 1094 quod
1494 997 1495 1058 l

231 1135 348 1198 magna
377 1134 449 1180 curn
478 1115 678 1180 restrictione
708 1112 892 1178 Rohdius
925 1115 1083 1179 concessit
1112 1115 1144 1177 in
1174 1134 1254 1180 mus.
1284 1113 1392 1178 Rhen.
1494 1139 1495 1190 l

231 1238 262 1300 p.
282 1219 352 1299 172,
375 1236 433 1299 per
448 1236 483 1282 se
497 1222 602 1298 patet;
627 1215 785 1280 interdum
810 1216 892 1280 enim
913 1216 966 1280 vel
988 1217 1029 1280 ab
1052 1215 1247 1282 adversariis
1269 1215 1390 1281 adver-

230 1320 307 1386 sarii
331 1317 490 1400 quaedam
513 1323 704 1383 mutuantur.

316 1421 376 1496 III)
399 1421 448 1485 De
465 1421 605 1500 tertia,
622 1439 717 1502 quarn
733 1421 901 1503 proposuit
917 1421 1095 1500 Kaibelius,
1112 1421 1271 1486 sententia
1287 1421 1392 1486 multo
1494 1481 1495 1514 ἶ

231 1524 383 1606 graviora
405 1529 437 1586 et
460 1524 562 1605 magis
585 1523 767 1588 necessaria
795 1528 984 1604 argumenta
1005 1542 1046 1586 ex
1073 1523 1191 1588 rebus
1214 1523 1293 1605 ipsis
1315 1542 1391 1606 per-

231 1627 382 1706 sonisque
405 1626 438 1688 in
465 1644 593 1690 censum
625 1625 748 1689 vocatis
779 1644 850 1689 oum
873 1623 1000 1689 Rohdio
1028 1631 1196 1706 petuntur,
1226 1643 1323 1706 qnam
1347 1644 1393 1690 ex

231 1728 369 1792 nominis
391 1727 423 1791 vi
448 1733 480 1790 et
501 1746 569 1792 usu.
615 1725 726 1790 Nihilo
750 1733 855 1790 tamen
878 1727 977 1791 setius
1000 1727 1098 1791 etiam
1120 1726 1161 1791 de
1186 1726 1234 1793 his
1256 1747 1391 1809 respon·
1494 1719 1495 1794 l

232 1828 309 1894 dere
332 1835 474 1894 nostrum
496 1835 560 1912 est,
593 1829 669 1910 quia
691 1828 910 1893 Kaibelius
934 1829 1021 1910 ipse
1044 1832 1087 1910 (p.
1106 1831 1167 1893 509
1190 1829 1210 1892 l.
1235 1829 1268 1903 Ι.)
1292 1827 1391 1894 dicit:

229 1923 287 1990 ‘cic
309 1939 425 2001 waram
448 1949 511 1990 was
534 1928 585 1990 ihr
612 1927 646 1989 N
650 1949 730 1990 amc
752 1938 837 2010 sapt,
861 1927 990 1990 Laura
1012 1927 1089 1990 ollas
1119 1921 1274 1992 Wcsscns'.
1319 1930 1391 1994 Iam
1494 1957 1495 2014 p

231 2031 312 2096 illud
335 2030 415 2096 mihi
438 2031 551 2096 videor
579 2031 814 2098 demonstrasse
838 2031 879 2097 de
901 2032 1027 2116 alteris,
1061 2033 1115 2114 qui
1138 2039 1308 2113 vocantur,
1338 2052 1390 2097 so·
1494 2015 1495 2084 Ι

230 2133 346 2216 phistis
369 2153 432 2200 non
455 2153 526 2199 esse
554 2140 795 2198 renovatum
824 2154 939 2200 nornen
968 2140 1151 2200 veterum
1174 2133 1389 2218 sophistarum
1494 2157 1495 2200 1

231 2235 388 2320 ampliore
412 2255 507 2301 sensu
531 2254 640 2301 eorum
663 2235 852 2316 aequalibus
876 2242 1080 2319 usurpatum,
1113 2237 1170 2302 sed
1194 2257 1252 2302 sua
1273 2241 1389 2319 sponte
1494 2237 1495 2284 ἲ

231 2357 335 2420 neque
359 2356 520 2419 quoquam
543 2337 688 2402 consulto
704 2335 766 2402 hoc
784 2356 900 2402 nomen
924 2338 1038 2402 iterum
1061 2339 1245 2404 inveniente
1261 2358 1317 2404 seu
1339 2358 1390 2404 re·

232 2441 382 2506 stituente
405 2439 568 2504 transiisse
591 2439 633 2504 ad
653 2437 712 2504 hos
735 2440 929 2522 posteriores
953 2439 1115 2522 sophistas
1139 2439 1222 2506 hanc
1243 2440 1387 2523 appella·
1494 2497 1495 2510 .

233 2543 351 2606 tionem
381 2560 426 2605 eo
456 2559 590 2622 sensu,
625 2560 688 2622 quo
718 2541 925 2624 epidicticum
955 2541 1114 2608 rhetorem
1145 2542 1388 2626 rhetoricaeque
1494 2595 1495 2636 3

232 2643 396 2708 doctorem
413 2642 515 2706 solum
531 2648 603 2725 post
619 2642 749 2725 Epicuri
766 2642 835 2708 dies
851 2644 990 2726 insignit.
1027 2645 1112 2727 Ergo
1127 2663 1243 2710 nornen
1259 2646 1389 2728 quidem
1494 2643 1495 2730 3

231 2743 396 2828 sophistae
419 2744 460 2808 ne
483 2745 592 2810 arteris
615 2743 770 2827 sophistis
796 2744 978 2810 adhibitum
1001 2745 1082 2811 niun
1105 2746 1213 2812 eruere
1235 2748 1305 2814 vat
1326 2749 1388 2814 nar
1494 2739 1495 2820 ἶ

231 2847 482 2912 rhetoricum
506 2845 658 2912 artificem
676 2852 708 2911 et
722 2847 920 2929 magistrum,
943 2868 1027 2930 quae
1050 2869 1083 2914 re
1100 2869 1178 2914 vera
1192 2850 1252 2914 fuit
1267 2850 1389 2933 duplex
1494 2843 1495 2908 ἒ

234 2949 347 3014 horum
371 2948 535 3014 hominum
557 2951 724 3031 professio.

317 3052 541 3134 Improbantur
564 3052 660 3133 igitur
682 3052 735 3116 vel
758 3053 953 3133 argumentis
968 3073 988 3118 a
1003 3053 1140 3118 nominis
1162 3073 1222 3119 usu
1243 3055 1387 3136 repetitis

234 3153 375 3217 Kaibelii
392 3153 578 3217 sententiae.
611 3153 660 3216 Ex
675 3153 777 3217 altera
791 3160 883 3235 parte
898 3174 1028 3237 prorsus
1043 3154 1217 3236 probantur·
1233 3164 1274 3237 et,
1294 3156 1321 3220 si
1337 3159 1388 3222 cui

233 3257 355 3319 incerta
377 3255 449 3318 visa
471 3261 552 3336 sunt,
577 3260 672 3335 certa,
696 3273 799 3337 spero,
822 3253 908 3340 fient,
932 3274 1015 3338 quae
1038 3255 1219 3322 Rohdius
1242 3259 1292 3322 vir
1313 3257 1387 3324 doe·

233 3357 374 3422 tissimus
396 3357 561 3439 praeclare
577 3362 609 3422 et
630 3357 736 3439 tetigit
757 3358 789 3420 in
813 3359 953 3439 eleganti
975 3358 1057 3422 libro
1081 3358 1147 3434 (Gr.
1164 3359 1254 3423 Rom.
1278 3380 1309 3443 p.
1326 3361 1386 3424 290

233 3459 306 3524 adn.
333 3461 362 3534 1)
385 3465 417 3522 et
440 3458 584 3523 defendit
606 3460 637 3523 in
661 3479 740 3524 mus.
761 3458 863 3524 Rhen.
886 3461 950 3525 vol.
974 3460 1050 3524 XLI
1073 3481 1104 3543 p.
1123 3465 1182 3524 170
1195 3481 1282 3544 sqq.;
1306 3481 1387 3544 quae

235 3561 364 3644 quidem
388 3561 434 3624 eis
458 3567 530 3625 sunt
553 3563 749 3626 contraria
765 3561 921 3642 omnibus,
945 3581 1028 3644 quae
1044 3563 1194 3628 Kaibelio
1213 3564 1284 3628 visa
1299 3571 1385 3647 sunt;

234 3681 427 3745 quamquam
451 3662 625 3727 secundum
648 3683 701 3744 ea,
730 3684 812 3746 quae
834 3665 971 3747 probare
994 3666 1207 3746 suscepimus,
1232 3666 1284 3730 vel
1307 3665 1386 3732 haec

233 3767 331 3846 panlo
354 3765 419 3828 alia
441 3765 564 3829 ratione
587 3766 785 3847 excipiemus
808 3775 840 3832 et
862 3767 1103 3850 perspiciemus.
1154 3784 1157 3788 ·

319 3867 410 3932 Haec
433 3886 505 3930 mea
527 3867 659 3949 auxilia,
684 3887 876 3951 quamquam
894 3869 1022 3935 Rohdio
1044 3869 1179 3935 veniunt
1199 3868 1323 3951 proelio
1342 3869 1384 3935 ic·

234 3969 338 4034 liciter
361 3969 423 4032 ianr
449 3975 606 4050 pugnato,
637 3976 742 4034 tamen
771 3991 835 4036 non
864 3972 990 4038 inutilia
1018 3971 1088 4039 fore
1119 3989 1213 4054 spero
1235 3969 1277 4036 ad
1301 3990 1384 4037 com·

234 4070 385 4154 piendam
408 4071 586 4135 victoriam.
