2990 4886
304 337 346 393 De
363 338 505 394 notionum
523 333 671 405 πολιτικὸς
688 341 717 394 et
735 335 872 412 σοφιστὴς
888 355 940 396 usu
957 341 1101 396 rhetorico.
1222 342 1282 402 135

129 516 147 588 ξ
163 515 198 577 9:
223 503 260 575 οό
276 509 378 593 μόνον
395 509 430 576 δὲ
445 508 587 590 τούτοις,
610 504 695 575 άλλδι
711 513 766 576 καί
781 524 852 588 τοῖς
866 509 944 588 τούς
959 509 1152 590 πολιτικοὺς
1168 512 1285 596 λόγους

129 607 406 695 ὑπισχνουμένοις
428 606 522 690 άξιον
545 611 783 700 ἐπιτιμήσωσί)

214 715 433 800 Intellegimus
465 735 505 782 ex
540 715 590 782 his
619 717 778 801 exemplis
811 719 947 801 primum
981 715 1058 794 τοὺς
1092 717 1285 793 πολιτικοὺς

130 814 247 900 λόγους
274 819 315 884 ab
339 818 480 885 Isocrate
505 820 625 902 opponi
648 830 719 894 τοῖς
742 819 820 901 περὶ
843 821 909 884 τῶν
938 818 1033 885 ἰδίων
1062 821 1284 904 συμβολαίων,

130 925 149 988 i.
171 943 198 988 e.
222 922 429 989 iudicialibus
453 921 524 998 (XV
541 924 609 1003 46),
633 941 715 1004 quae
738 923 899 1007 oppositio
922 943 1003 990 vooe
1026 920 1200 998 πολιτικὸς
1221 944 1285 989 non

130 1023 278 1091 adhibita
306 1026 420 1091 iterum
451 1025 588 1090 occurrit
616 1044 659 1090 or.
676 1024 737 1089 XV
754 1028 788 1107 3,
805 1027 887 1106 276,
904 1026 967 1090 XII
987 1030 1042 1107 11,
1074 1026 1192 1092 deinde
1222 1026 1284 1092 dis·

129 1126 323 1192 iunctionem
345 1123 415 1190 fieri
438 1125 520 1190 inter
534 1121 728 1199 πολιτικοὺς
745 1121 860 1207 λόγους
876 1133 908 1191 et
923 1122 1106 1208 ἐριστικούς
1125 1127 1196 1204 (XV
1211 1129 1284 1210 260,

129 1229 228 1311 1151,
251 1228 330 1292 XIII
345 1229 376 1310 9,
393 1229 455 1302 21).
501 1226 569 1291 Iam
585 1245 662 1293 vero
686 1228 762 1309 quia
785 1226 859 1293 hiso
881 1229 1021 1294 nondum
1044 1236 1165 1295 eertum
1188 1229 1230 1295 de
1253 1231 1285 1294 vi

131 1329 225 1396 huius
240 1329 393 1396 adieetivi
409 1328 564 1395 iodIoium
579 1329 686 1394 faeere
702 1330 787 1410 lIeet,
811 1329 986 1396 videndum
1002 1338 1060 1414 est,
1083 1350 1148 1413 qua
1162 1331 1284 1397 ratione

129 1431 201 1513 ipse
231 1431 387 1498 Isocrates
422 1431 741 1498 circumscribat
769 1431 932 1497 notionem
967 1431 1143 1496 πολιτικοῦ
1176 1429 1284 1514 λόγου.

130 1532 244 1615 Neque
260 1534 410 1616 exiguam
435 1532 629 1620 indiciorum¹
645 1533 772 1615 copiam
795 1534 940 1616 praebet,
962 1540 996 1598 ut
1019 1533 1097 1617 quid
1120 1535 1285 1618 proprium

130 1635 172 1700 sit
188 1634 281 1700 huius
298 1634 448 1718 notionis,
466 1634 545 1717 quid
560 1634 787 1714 adventicium,
812 1641 898 1701 oerto
913 1637 1073 1719 possimos
1089 1635 1284 1719 disiungere.

129 1737 198 1802 Iam
215 1756 448 1818 enumeremus,
465 1755 547 1819 quae
563 1737 718 1820 imprimis
731 1744 808 1820 apta
823 1736 989 1804 videntur:
1006 1737 1058 1804 Or.
1071 1738 1136 1802 XII
1154 1743 1188 1801 11
1207 1737 1286 1804 ‹lioit

129 1839 304 1906 Isocrates:
328 1835 383 1904 ἐπί
408 1835 446 1902 τδ
471 1837 674 1922 φιλοσοφεῖν
697 1838 753 1902 καὶ
776 1850 892 1903 πονεῖν
915 1840 970 1903 καὶ
992 1837 1144 1923 γράφειν,
1169 1837 1190 1902 δ
1214 1837 1285 1903 δια-

131 1944 300 2026 νοηθείην,
312 1939 506 2024 κατέφυγον,
519 1933 557 2004 οδ
570 1941 647 2022 περὶ
661 1941 786 2023 μικρῶν
797 1936 857 2027 τὴν
869 1944 1070 2022 προαίρεσιν
1082 1938 1283 2023 ποιούμενος

130 2036 207 2108 οὐδὲ
236 2044 315 2126 περὶ
345 2045 411 2106 τῶν
443 2041 538 2109 ἰδίων
566 2044 777 2127 συμβολαίων
807 2035 884 2107 οὐδὲ
907 2044 985 2130 περὶ
1009 2035 1055 2108 ῶν
1079 2037 1174 2109 άλλοι
1195 2043 1283 2120 τινὲς

130 2146 296 2232 ληροῦσιν,
314 2141 398 2210 ἀλλὰ
415 2147 493 2227 περὶ
510 2147 577 2210 τῶν
589 2139 781 2232 Ἑλληνικῶν
796 2146 852 2210 καί
873 2146 1056 2228 βασιλικῶν
1071 2147 1127 2212 καὶ
1149 2147 1283 2212 πολιτι-

128 2250 194 2313 κῶν
224 2246 439 2333 πραγμάτων.
475 2249 552 2316 ibid.
580 2252 650 2326 §22
684 2245 776 2326 (τοὺς
804 2245 990 2324 δικανικοὺς
1021 2247 1138 2332 λόγους
1171 2248 1282 2325 ἐάσας)

130 2348 428 2436 ἐπραγματευόμην
443 2348 521 2426 τοίς
537 2353 615 2432 περὶ
634 2353 701 2415 τῶν
717 2348 955 2435 συμφερόντων
970 2352 1011 2435 τῇ
1027 2344 1126 2416 πόλει
1142 2353 1196 2415 καί
1212 2363 1283 2427 τοῖς

131 2444 381 2539 άλλοιςἝλλησι
395 2451 688 2535 συμβουλεύοντας.
706 2454 780 2518 Χ5;
795 2450 851 2529 οὓς
863 2450 958 2537 ἐχρην
971 2455 1049 2533 περὶ
1062 2451 1122 2528 τὰς
1133 2451 1281 2539 πράξεις,

131 2553 164 2619 ἰν
182 2553 235 2630 αἶς
250 2553 513 2636 πολιτευόμεθα,
529 2551 607 2631 τοὺς
623 2553 783 2631 συνόντας
799 2553 982 2620 παιδεύειν.
1007 2556 1054 2620 ΙΙΙ
1069 2559 1123 2620 10:
1140 2549 1283 2640 ἡγοῦμαι

129 2656 276 2739 μάλιστα
305 2655 497 2741 πράττοντας
525 2655 599 2739 ἐμοὶ
628 2655 705 2734 τοὺς
734 2659 812 2737 περὶ
836 2659 902 2722 τῶν
926 2655 1199 2743 ἐπιτηδευμάτων
1227 2659 1282 2723 καί

131 2762 299 2842 περὶτῶν
323 2760 503 2825 πολιτειῶν
527 2762 774 2841 παραινοῦντας
797 2759 849 2844 (cf.
866 2761 927 2826 XV
950 2764 999 2826 85.
1018 2763 1100 2837 321).
1128 2761 1190 2826 XV
1206 2763 1281 2826 258:

130 2862 219 2938 τινὲς
240 2864 480 2948 βλασφημοῦσι
495 2863 574 2944 περὶ
589 2865 655 2927 τῶν
679 2861 784 2946 λόγων
800 2865 866 2928 τῶν
881 2864 1001 2928 κοινῶν
1017 2863 1153 2926 καὶτῶν
1167 2857 1282 2948 χρησί-

130 2989 212 3046 μων.
249 2964 326 3031 ibid.
350 2968 427 3030 276:
459 2956 517 3028 οόκ
550 2961 640 3028 ἔστιν
673 2956 769 3040 ὅπως
798 2962 979 3048 ποιήσεται
1007 2961 1067 3040 τὰς
1096 2959 1282 3040 ὑποθέσεις

131 3060 265 3142 άδίκοος
292 3055 313 3149 ἢ
345 3063 465 3150 μικράς
493 3055 513 3153 ἢ
537 3067 614 3152 περί
644 3068 710 3129 τῶν
738 3064 833 3131 ἰδίων
863 3068 1090 3148 συμβολαίων,
1119 3059 1202 3130 ἄλλά
1224 3090 1282 3148 με·

130 3167 234 3253 γάλας
266 3170 322 3232 καί
356 3165 458 3244 καλάς
490 3169 546 3232 καί
580 3166 849 3250 φιλανθρώπους
881 3170 936 3232 καί
964 3169 1042 3248 περὶ
1071 3169 1138 3232 τῶν
1163 3171 1282 3234 κοινῶν

132 3267 345 3356 πραγμάτων.
386 3270 493 3336 V10:
529 3273 669 3351 νομίσας
699 3261 849 3334 οἰδέποτ)
882 3261 921 3333 δν
951 3263 1131 3354 εὑρεθῆναι
1158 3270 1282 3335 καλλίω

130 3371 252 3458 ταύτης
279 3366 448 3438 ὑπόθεσιν
479 3363 555 3436 οὐδὲ
584 3369 773 3456 κοινοτέραν
800 3363 877 3436 οέδὲ
905 3373 1029 3452 μᾶλλον
1054 3362 1182 3436 άπασιν
1205 3367 1282 3456 ἡμῖν

132 3478 375 3560 συμφέρουσαν.
412 3477 456 3540 IV
476 3478 552 3542 189:
580 3487 651 3550 τοῖς
683 3467 793 3557 μεγάλ’
828 3468 1104 3556 ὑπισχνουμένοις
1133 3466 1170 3538 οὗ
1201 3472 1283 3558 πρέ-

132 3602 190 3644 πει
213 3578 293 3664 περὶ
315 3575 416 3662 μικρὰ
439 3576 622 3660 διατρίβειν
644 3569 720 3640 οδδέ
742 3577 883 3640 τοιαῦτα
906 3573 1019 3659 λέγειν,
1044 3573 1080 3651 ἐξ
1100 3567 1146 3638 ῶν
1168 3569 1185 3639 δ
1208 3580 1283 3658 βίος

131 3680 234 3768 μηδὲν
264 3679 427 3746 ἐπιδώσει
455 3682 521 3744 τῶν
544 3676 764 3744 πεισθέντων.
810 3679 860 3744 Ex
884 3679 1030 3762 epistulis
1054 3680 1148 3761 (quae
1171 3680 1198 3744 si
1221 3700 1284 3745 non

132 3791 205 3851 sont
226 3785 393 3866 Isoorstm,
421 3790 507 3850 certe
530 3802 619 3864 eum,
649 3781 700 3847 oui
723 3780 897 3863 debentur,
920 3780 1071 3848 Isocratis
1094 3782 1283 3847 sententiam

132 3907 262 3972 prorsus
292 3885 488 3970 expressisse
517 3882 757 3951 eoncedendum
787 3886 846 3958 est)
874 3882 955 3949 duos
984 3881 1156 3965 adiungam
1182 3883 1283 3950 locos:

221 4023 245 4084 ί)
263 4020 411 4074 πολιτικοῦ
429 4012 518 4087 λόγου
536 4016 761 4082 commemoratio,
780 4030 849 4084 queo
868 4019 909 4070 est
927 4031 966 4072 or.
979 4015 1029 4070 XV
1044 4021 1090 4080 77,
1114 4030 1130 4068 κ
1148 4015 1282 4070 rhetorico

132 4119 183 4158 usu
200 4102 328 4157 remotim
345 4106 394 4156 est.
