2990 4886
273 327 333 385 194
458 365 462 374 ·
681 328 795 384 Carolus
811 327 1018 384 Brandstaetter

272 522 341 568 mus
357 523 388 587 p.
408 503 467 567 138
484 507 516 567 et
531 501 692 585 copiosius
715 501 975 567 adumbravimus
998 521 1029 584 p.
1049 505 1189 584 llhsqq.
1214 500 1305 568 Nihil
1328 502 1432 584 igitur

270 603 465 672 addendum.
510 602 658 669 Ceterum
680 604 719 670 cf.
742 624 773 689 p.
794 607 830 667 11
837 606 891 677 l.¹)

356 705 639 772 Philostratus
662 713 703 773 lv.
727 704 851 790 soph.I
871 706 966 788 19,1)
986 703 1068 771 haec
1090 703 1238 773 exhibet:
1261 698 1336 789 ἡδὲ
1352 703 1432 771 ἰδέα

270 809 337 870 τιῦν
354 803 460 890 λόχων
475 805 623 884 (Nicetis)
637 807 696 870 τοῦ
710 805 771 886 μὲν
787 796 927 885 ἀρχαίου
942 805 996 868 καὶ
1014 804 1190 869 πολιτικοῦ
1206 797 1430 892 ἀποβέβηκεν,

269 903 459 992 ύπόβαιχος
482 907 596 973 δὲκαὶ
619 905 896 994 διθυραμβώδης,
926 907 1110 992 significans
1136 928 1218 976 voce
1248 909 1431 974 πολιτικοῦ

271 1033 341 1079 eam
366 1013 586 1095 elocutionem,
610 1033 693 1096 quae
709 1012 906 1079 orationibus
925 1012 1075 1078 civilibus
1099 1014 1343 1080 accommodata
1367 1021 1428 1096 est,

271 1115 398 1182 virilem
420 1115 569 1180 nimirum
583 1135 622 1181 ac
637 1135 818 1199 nervosam,
841 1121 876 1180 ut
894 1115 1044 1198 opposita
1066 1114 1290 1181 subaudienda
1304 1116 1347 1182 sit
1363 1135 1429 1182 so-

269 1216 468 1302 phistica,
491 1236 575 1300 quac
597 1237 711 1284 revera
733 1223 782 1284 cst
804 1210 995 1297 ὑπόβακχσς
1010 1217 1065 1280 καὶ
1085 1214 1347 1304 διθυραμβώόης
1372 1219 1427 1296 (cf.

271 1320 392 1404 Eunap.
416 1321 536 1404 11495,
556 1319 660 1385 161111.
682 1320 737 1385 alt.
755 1320 880 1394 Boios).
918 1318 1008 1384 Idem
1031 1319 1249 1402 compluribus
1271 1320 1352 1386 locis
1369 1341 1426 1385 no·

269 1422 390 1486 tionem
413 1421 588 1485 πολιτικσῦ
609 1418 707 1504 λόγου
723 1422 874 1486 artiorem
889 1423 1024 1504 opponit
1039 1439 1095 1486 seu
1111 1421 1207 1486 tacite
1223 1440 1280 1488 seu
1302 1422 1427 1488 diserte

268 1524 390 1589 notioni
406 1523 605 1608 σοφιστικοῦ
625 1522 813 1607 (epidictici)
836 1519 944 1606 λόγου,
968 1522 1057 1588 velut
1071 1543 1101 1586 v.
1118 1521 1210 1605 soph.
1226 1523 1257 1587 Il
1273 1525 1304 1587 2.
1323 1524 1355 1588 ΙΙ
1374 1527 1425 1590 19.

267 1625 363 1708 1120,
379 1631 404 1690 1.
427 1625 589 1691 Notabilis
601 1630 649 1692 est
660 1625 779 1692 locutio
791 1620 999 1700 cohortaris
1011 1621 1173 1706 θρόνος,
1186 1625 1238 1691 cui
1250 1627 1427 1709 opponitur

268 1721 285 1792 ὁ
304 1723 500 1814 σοφιστικός
517 1723 656 1810 θρόνοςε
680 1735 729 1794 est
744 1728 829 1793 enim
845 1746 885 1793 ea
900 1725 1063 1810 cathedra,
1087 1746 1150 1810 qua
1166 1747 1230 1792 non
1245 1727 1426 1810 sophistica

268 1851 320 1898 ars
335 1832 404 1898 sive
421 1830 602 1916 epidictica,
625 1829 682 1897 scd
698 1830 804 1896 civilis
820 1866 861 1878 -
877 1849 933 1896 seu
948 1829 1053 1896 mavis
1070 1828 1242 1912 iudicialis,
1265 1829 1308 1895 ad
1325 1849 1422 1913 quam

267 1935 335 2000 fere
351 1934 496 2000 restricta
511 1933 568 1999 illa
583 1938 707 1999 erat-
722 1932 898 1999 docebatur
908 1935 941 2008 2).
979 1932 1094 1996 Exstat
1108 1932 1178 1998 eius
1198 1932 1318 1998 mentio
1334 1933 1425 2017 opud

358 2107 381 2166 1)
394 2100 621 2162 Schmidtius‚
634 2099 727 2166 lrgm.
739 2098 873 2167 Didymi
885 2114 912 2167 p.
925 2103 958 2152 94
970 2097 1032 2152 adn.
1044 2097 1333 2165 cumspecieveritctis
1343 2104 1424 2155 πολι-

267 2186 423 2259 τικωτέρας
440 2201 489 2254 pro
508 2183 732 2256 ποιητικωτέρας
749 2182 920 2238 scribendum
938 2198 998 2237 csse
1018 2181 1117 2237 conicit
1133 2181 1162 2234 in
1179 2182 1264 2237 schol.
1283 2184 1319 2237 ad
1335 2183 1422 2254 Soph.

266 2271 383 2326 Philoct.
405 2275 482 2326 1113:
501 2270 614 2342 γένοιτο
634 2268 664 2325 δέ
674 2287 725 2337 μοι
743 2264 797 2324 τὸν
814 2269 971 2340 παραίτιον
988 2263 1099 2324 τούτων
1117 2262 1181 2322 ἴσον
1197 2263 1308 2340 χρόνον
1326 2273 1422 2325 δυστυ-
1486 2309 1487 2340 r

264 2361 359 2430 χῆσαι,
371 2359 420 2427 τῆς
431 2354 499 2428 ἐμῆς
511 2347 633 2425 λαχόντ’
646 2346 737 2418 οἷνίας.
766 2349 883 2410 δύναται
895 2352 924 2409 δὲ
935 2355 984 2408 καλ
995 2347 1069 2409 κατὰ
1082 2346 1117 2408 τὸ
1131 2351 1324 2423 πληθυντικὸν
1336 2347 1423 2411 οἷκού·
1486 2343 1487 2354 ¹

266 2447 350 2499 εσθαι
363 2436 434 2510 ἐμὰς
449 2432 567 2511 λαχόντ’
588 2433 679 2504 α’νίοις.
709 2430 781 2495 «itti
794 2441 844 2508 τῆς
856 2430 1107 2509 ποιητικωτέραςῆ
1121 2433 1237 2508 τοιαύτη
1250 2429 1362 2511 φρούσις.
1392 2439 1423 2493 Si

265 2527 346 2583 verba
359 2521 375 2598 ἦ
389 2523 505 2597 τοιαύτη
517 2545 565 2598 φρ.
579 2524 614 2578 ad
626 2525 708 2578 verbu
725 2519 799 2580 κατὰ
813 2518 847 2580 τὸ
862 2527 945 2594 πληθ.
958 2527 1092 2591 spectant,
1110 2525 1205 2590 procul
1218 2522 1300 2577 dubio
1312 2529 1422 2580 πολιτι-

264 2612 395 2684 κωτέρας
409 2611 594 2674 1ο1111111111111υς
612 2613 726 2677 possunt
738 2617 837 2673 autem,
856 2609 879 2662 si
891 2607 970 2663 modo
983 2608 1096 2662 verbum
1110 2603 1226 2678 τοιαύτη
1238 2623 1318 2662 voce
1331 2625 1421 2677 urges,

265 2697 363 2752 relerri
372 2696 408 2750 ad
417 2696 498 2750 verba
511 2698 560 2763 τῆς
571 2693 648 2764 ἐμῆς
660 2686 751 2759 ύνίας,
763 2693 845 2763 paulo
859 2693 945 2747 laxius
955 2692 1041 2760 dicts3
1054 2697 1111 2746 tum
1123 2693 1213 2747 omnis
1225 2707 1300 2748 sana.
1313 2723 1343 2732 —
1355 2694 1421 2747 Per-

265 2798 359 2851 peram
376 2797 425 2850 pro
444 2773 595 2836 πολιτικὸν
613 2779 685 2848 Sylb.
705 2779 816 2847 scripsit
834 2773 984 2849 ποιητικὸν
1002 2778 1029 2830 in
1043 2785 1122 2846 etym.
1140 2780 1364 2834 111.ο.1.6υσ1α;
1383 2773 1421 2835 τὰ

264 2863 344 2941 παρὰ
358 2862 392 2924 τὸ
401 2856 494 2938 ‘ditor'
507 2869 700 2935 όιαφορεῑταιι
713 2857 890 2934 σῖἡθειακαὶ
903 2857 1016 2934 αήθία·
1030 2863 1256 2934 πολιτικώτερον
1268 2863 1297 2920 δὲ
1310 2859 1354 2920 διὰ
1367 2867 1423 2920 τοῦ

263 2977 272 3011 ι
286 2999 292 3012 .
306 2998 312 3010 .
326 2998 332 3010 ,
350 2947 445 3010 καὶτὸ
459 2975 468 3006 ι
481 2946 639 3007 πολιτικόν.
665 2949 801 3004 ο1.011111.
820 2964 864 3004 an.
878 2948 928 3002 011.
942 2948 968 3001 11
981 2951 1030 3002 286
1045 2942 1061 3003 ὁ
1075 2943 1224 3013 πολιτικὸς
1235 2948 1265 3006 δὲ
1277 2943 1323 3006 ort
1337 2953 1389 3006 τοῦ
1402 2973 1420 3007 ι.
1485 2947 1486 2968 ’

264 3070 297 3078 -
315 3037 406 3093 Nihilo
424 3037 512 3090 minus
531 3039 655 3090 notatum
672 3034 749 3088 velim
767 3048 846 3088 voces
864 3028 1011 3098 πολιτικὸς
1022 3040 1049 3086 et
1061 3028 1209 3104 ποιητικὸς
1227 3033 1335 3102 saepius
1354 3050 1420 3090 con·

263 3123 355 3178 fundi:
374 3123 459 3176 Isocr.
478 3138 517 3176 or.
536 3119 604 3174 Xlll
625 3123 654 3172 12
672 3119 700 3172 in
718 3125 794 3172 textu
812 3122 970 3189 ποιητικοῦ,
987 3119 1015 3171 in
1033 3133 1116 3186 marg.
1136 3118 1196 3173 cod.
1210 3121 1238 3174 Γ
1253 3124 1419 3189 commod,-

264 3208 393 3262 Themist.
404 3223 431 3275 p.
443 3203 617 3270 3928011111.
631 3205 683 3258 hoc
695 3203 787 3257 vitium
800 3204 827 3257 in
840 3204 940 3272 optimo
953 3202 1058 3270 codice;
1072 3203 1156 3258 schol.
1167 3202 1196 3257 in
1206 3203 1332 3272 llermog.
1342 3203 1419 3259 Max.

265 3293 304 3349 Pl.
314 3292 358 3346 W.
372 3292 397 3349 V
409 3296 468 3356 416,
479 3297 493 3344 5
504 3284 669 3355 πολιτικοὺς
677 3295 776 3354 exstat,
787 3290 864 3344 cuins
873 3289 932 3344 loco
943 3289 1049 3358 Syriani
1059 3288 1144 3344 codex
1154 3283 1318 3360 ποιητικοὺς
1327 3289 1419 3344 habet.

263 3378 294 3433 In
307 3377 410 3448 proleg.
423 3377 537 3430 decom.
550 3376 604 3430 vol.
618 3375 670 3444 lp.
685 3378 744 3442 531,
757 3380 771 3428 'l
783 3374 913 3430 Meinekii
925 3373 1056 3441 Bergkius
1074 3391 1123 3443 pro
1141 3377 1292 3442 ποιητικοῦ
1309 3375 1421 3444 scripsit

263 3482 419 3536 πολιτικοῦ.
433 3509 464 3518 -
478 3478 510 3531 ln
522 3477 581 3532 cod.
592 3477 678 3532 Paris.
690 3479 755 3550 2923
769 3478 956 3545 compendium
968 3451 990 3532 ύι
1001 3493 1050 3545 pro
1063 3472 1211 3542 πολιτικὸς
1223 3477 1359 3532 interdum
1371 3493 1419 3532 ex·

263 3572 336 3620 sture
348 3579 390 3618 mc
402 3563 494 3620 docuit
504 3563 626 3618 Wclzius
639 3563 707 3617 rhet.
721 3563 768 3618 Gr.
778 3562 816 3615 lV
827 3566 859 3616 61
872 3562 933 3617 adn.
947 3567 988 3628 16,
1001 3561 1072 3616 unde
1084 3561 1201 3618 fortasse
1214 3563 1281 3616 haec
1294 3563 1419 3618 conlusio

262 3655 332 3705 orta.
369 3649 404 3704 cf.
423 3664 507 3718 supro
524 3665 552 3718 p.
569 3651 615 3703 169
632 3648 696 3704 adn.
718 3653 740 3702 1.

349 3741 375 3800 2)
392 3735 434 3790 De
452 3735 494 3789 his
513 3734 595 3789 rebus
614 3733 649 3788 ci.
669 3732 784 3799 Abusus,
803 3733 837 3786 dc
855 3732 954 3787 Athen.
972 3738 1046 3787 statu
1066 3731 1120 3800 pol.
1140 3741 1167 3786 ct
1184 3731 1236 3786 litt.
1256 3732 1329 3786 11611.
1353 3735 1417 3787 1829

262 3824 290 3875 et
308 3820 337 3876 0.
357 3819 389 3876 F.
408 3820 517 3886 Weber,
536 3825 677 3874 comment.
697 3817 730 3871 de
748 3816 824 3872 acad.
844 3817 895 3872 litt.
915 3817 1014 3872 Athen.
1033 3832 1104 3872 saec.
1123 3815 1150 3869 ll
1168 3832 1195 3885 p.
1216 3816 1278 3872 Chr.
1297 3818 1418 3882 constit,

262 3907 394 3974 Mcrburg
418 3908 495 3973 18583
520 3904 678 3972 Bernhardy
697 3902 815 3957 Grundr.
838 3902 864 3957 d.
882 3919 922 3969 gr.
941 3902 1006 3956 hic.
1028 3901 1042 3954 1
1060 3919 1087 3970 p.
1107 3907 1171 3968 591,
1195 3916 1278 3970 quae,
1300 3901 1418 3957 fortasse
1483 3959 1484 3964 .

262 4007 322 4046 mea
335 3992 423 4061 culpa,
436 3991 518 4058 paulo
531 3989 690 4044 obscuriora
702 3991 730 4042 et
741 3988 841 4056 partim
854 3986 968 4043 confusa
981 3988 1046 4041 mihi
1058 3987 1196 4055 ridentum
1216 3985 1417 4054 Westermcnn,
1483 3979 1484 4040 ἐ

262 4077 359 4132 Gescb.
378 4077 404 4132 d.
424 4076 564 4130 Beredslrt.
584 4076 612 4128 in
631 4075 676 4130 Gr.
694 4089 721 4128 u.
740 4072 774 4128 R.
793 4073 806 4127 1
824 4089 850 4142 p.
869 4076 914 4127 198
925 4088 983 4142 sqq.
