3004 4886
302 311 344 366 De
361 311 499 367 notionum
518 308 665 378 πολιτικὸς
682 315 710 368 et
728 309 865 386 σοφιστὴς
883 330 934 368 usu
952 314 1094 370 rhetorico.
1210 316 1270 374 261

108 484 219 566 videt,
244 491 276 550 et
291 486 332 550 ob
348 484 502 568 idipsum
521 483 654 550 difficile
671 491 719 551 est
734 486 960 552 convenienter
976 493 1007 552 et
1021 489 1163 554 breviter
1177 489 1272 555 simul

108 587 271 652 Kaibelio
293 587 505 670 respondere:
529 595 747 653 verumtamen
770 607 922 653 conemur
938 588 1019 655 haec
1040 591 1205 674 proposita
1227 592 1274 656 ita

109 689 316 772 examinare,
339 695 373 754 ut
388 690 480 772 quasi
503 709 648 754 normam
672 689 795 754 arbitrii
819 709 858 754 ea
880 709 1052 773 sumamus,
1076 711 1158 773 quae
1173 711 1271 775 expo·

108 791 250 871 suimus,
266 796 299 855 et
313 790 470 874 imprimis
485 790 565 855 illud
581 791 790 874 respiciamus
803 809 931 875 semper
944 791 1044 858 fuisse
1056 791 1131 858 inde
1143 793 1184 858 ab
1199 794 1273 875 [lpi-

109 893 187 958 curi
198 898 304 958 aetate
316 911 417 974 genus
428 891 591 974 quoddam
603 891 846 975 epidicticorum
859 899 1019 958 oratorum
1031 892 1273 977 rhetoricaeque

109 993 302 1078 doctorum,
330 995 417 1077 quod
439 993 719 1079 sophistarum
748 995 876 1060 nomine
898 995 1138 1078 appellabatur;
1168 1016 1273 1079 aquo

109 1097 207 1163 nullo
222 1103 317 1181 pacto
333 1097 580 1178 disiungendum
596 1103 644 1162 est
659 1115 769 1179 genus,
793 1096 880 1179 quod
895 1096 1040 1180 dicimus,
1062 1099 1274 1180 posteriorum

110 1198 343 1282 sophistarum.
388 1199 494 1280 Atque
517 1197 598 1264 hacc
620 1197 751 1280 quidem
773 1197 852 1262 mihi
874 1197 1035 1264 censenda
1057 1199 1128 1264 visa
1150 1205 1237 1265 sunt:

204 1301 231 1378 Ι)
246 1299 331 1366 Non
346 1301 502 1365 fuerunt
518 1301 719 1384 oppositae
735 1300 858 1364 altera
873 1298 1273 1382 sophisticaetAsia·

111 1403 292 1468 tioorum
307 1402 514 1468 rhetorum
530 1403 654 1486 ratio,
671 1400 729 1466 sed
743 1401 958 1468 Asiaticorum
973 1421 1054 1484 grex
1068 1422 1133 1468 non
1148 1409 1197 1470 cst
1211 1405 1273 1470 nisi

112 1505 244 1588 species
260 1503 419 1586 quaedam
435 1503 576 1569 universi
591 1504 678 1568 illius
698 1503 939 1586 epidicticorum
956 1511 1116 1570 oratorum
1139 1503 1273 1571 rhetori·

114 1625 242 1689 eaeque
264 1605 429 1671 doctorum
454 1607 596 1687 generis,
627 1605 714 1688 quod
736 1605 812 1669 inde
834 1604 875 1670 ab
898 1605 1038 1687 Epicuro
1062 1605 1123 1671 hoc
1145 1607 1273 1671 nomine

115 1727 291 1790 numquam
313 1708 458 1774 nonfuit
481 1708 680 1791 appellatum
697 1714 729 1772 et
744 1707 833 1771 cuius
850 1707 911 1788 ipsi
935 1725 1063 1788 quoqne
1086 1716 1170 1788 sunt,
1193 1727 1273 1790 quos

116 1811 248 1894 proprie
259 1811 424 1894 appellare
436 1811 575 1876 solemus
586 1810 726 1874 iuniores
738 1806 908 1890 sophistas.
925 1806 1175 1874 Philodemus
1189 1811 1273 1875 enim

117 1911 499 1995 asophistisHegesiam
521 1932 584 1977 non
608 1910 737 1993 distare,
761 1910 819 1976 sed
842 1911 894 1974 vel
919 1911 1034 1992 omnia,
1057 1924 1141 1993 qnae
1164 1931 1273 1977 corum

119 2025 192 2080 sunt
207 2016 346 2098 propria,
363 2033 440 2098 prae
455 2033 490 2080 se
502 2015 585 2080 ferre
598 2015 717 2080 diserte
733 2012 812 2078 dicit
826 2014 869 2090 (v.
881 2033 978 2095 supra
989 2033 1020 2095 p.
1034 2015 1119 2097 224),
1136 2020 1168 2079 et
1179 2014 1275 2080 Dio·

119 2118 260 2200 nysius
276 2116 651 2197 Halicarnassensis,
675 2116 729 2198 qui
745 2135 824 2181 voce
846 2111 1011 2199 σοφιστὴς
1027 2134 1076 2199 eo,
1099 2136 1163 2198 quo
1179 2117 1275 2182 modo
1376 2163 1379 2170 ,

121 2219 271 2298 diximus,
287 2238 383 2284 sensu
398 2219 505 2300 utitur,
528 2218 589 2284 hoo
604 2218 803 2301 potissimum
819 2218 945 2282 nomine
962 2218 1054 2299 quasi
1070 2219 1201 2302 proprio
1217 2220 1273 2284 ite·

121 2340 188 2385 rnm
212 2321 390 2402 iterumque
406 2320 580 2402 Hegesiam
601 2318 745 2404 appellat
768 2322 810 2397 (v.
833 2339 930 2402 supra
951 2339 984 2402 p.
1000 2321 1061 2382 235
1085 2340 1111 2384 c.
1134 2319 1209 2385 adn.
1235 2325 1274 2395 l).

122 2422 289 2488 Veteribus
311 2425 408 2505 igitur
423 2423 541 2488 criticis
564 2423 667 2505 iisque
683 2421 744 2488 hac
760 2423 792 2486 in
807 2442 841 2487 re
856 2422 1118 2504 locupletissimis
1141 2423 1275 2488 testibus

123 2525 286 2608 sophistae
309 2545 385 2590 non
406 2526 534 2590 aliter
556 2524 713 2606 Hegesias
736 2529 768 2588 et
782 2524 894 2589 Asiani
917 2525 978 2590 visi
1001 2530 1083 2607 sunt,
1107 2543 1202 2607 quam
1225 2544 1275 2591 so·

122 2625 247 2710 phistae
270 2627 397 2692 fuerunt
419 2632 451 2690 et
472 2625 564 2692 nobis
588 2624 736 2690 dicuntur
758 2625 791 2705 ii,
815 2644 895 2706 quos
918 2627 1111 2707 posteriores
1134 2627 1274 2694 ferimus.

206 2729 247 2804 ll)
271 2727 670 2808 DeindeDionysium
686 2725 1100 2793 Halicarnassensem
1122 2737 1275 2793 certum

125 2837 302 2913 estquom
319 2831 481 2894 maxime
500 2828 765 2894 abhorruisse
780 2847 801 2892 a
816 2827 1091 2912 sophistarum
1108 2831 1272 2913 ratione,

124 2952 202 3014 oum,
225 2932 418 3013 ubicumque
434 2934 573 3015 (praeter
589 2950 643 2996 eos
659 2931 757 3012 locos,
781 2931 835 2994 ubi
851 2925 929 3004 τοὺς
945 2925 1002 2993 ἐπὶ
1019 2935 1124 3016 σοφίᾳ
1139 2933 1276 3011 θαυμα-

17 3075 18 3084 .
126 3032 279 3116 ζομένους
295 3042 327 3099 et
346 3035 467 3117 primos
490 3034 563 3098 illos
586 3031 747 3116 sophistas
770 3031 911 3114 denotat,
935 3053 964 3096 v.
981 3053 1077 3115 supra
1092 3053 1122 3116 p.
1140 3036 1203 3097 234
1215 3036 1275 3116 sq.)

125 3143 221 3202 totum
246 3135 308 3201 hoc
330 3142 361 3200 et
382 3136 566 3201 universum
588 3153 688 3216 genus
717 3134 892 3216 respiciens
919 3153 1036 3200 nomen
1057 3133 1273 3218 sophistarum

125 3237 265 3320 adhibet,
288 3257 351 3302 non
373 3237 435 3302 nisi
459 3256 529 3302 enm
553 3242 736 3318 contemptu
752 3242 784 3300 et
799 3236 1018 3318 indignatione
1034 3257 1073 3303 eo
1088 3243 1209 3320 utatur;
1233 3257 1273 3304 ea

126 3347 228 3404 autern
251 3340 343 3420 ratio,
366 3357 450 3420 quae
474 3337 644 3404 intercedit
665 3338 747 3402 inter
761 3337 922 3403 Asiaticos
945 3337 1088 3404 rhetores
1106 3347 1138 3404 et
1152 3339 1276 3422 Diony·

126 3442 221 3522 sium,
245 3443 266 3505 i.
289 3460 316 3504 e.
343 3441 502 3524 oppositio
525 3439 766 3522 studiorumque
790 3439 960 3505 diversitas
984 3442 1037 3504 vel
1059 3442 1200 3506 maxima
1221 3442 1273 3516 (cf.

126 3564 155 3626 p.
171 3542 378 3606 445-451Β
402 3549 434 3606 et
456 3542 530 3606 libri
553 3541 594 3606 de
617 3562 720 3624 comp.
738 3543 825 3606 verb.
842 3561 868 3606 c.
889 3542 925 3604 18
940 3562 971 3625 p.
988 3544 1050 3604 244
1062 3561 1132 3624 sqq.
1152 3541 1226 3607 Sch.
1244 3551 1276 3607 et

126 3645 186 3726 al),
202 3645 290 3710 nullo
307 3644 375 3708 iure
391 3643 584 3725 disiungitur
600 3645 641 3709 ab
657 3663 706 3725 ea,
727 3663 809 3726 quae
825 3643 994 3708 intercedit
1009 3645 1092 3708 inter
1106 3644 1273 3710 universos

127 3747 283 3831 sophistas
305 3752 337 3810 et
359 3745 566 3828 Dionysium,
595 3747 716 3828 quippe
745 3765 816 3811 cum
839 3743 996 3828 Dionysio
1022 3747 1085 3828 ipsi
1109 3743 1275 3828 sophistae

128 3859 157 3916 et
177 3849 308 3916 Asiatici
331 3845 475 3912 rhetores
504 3849 634 3914 minime
661 3848 780 3913 diversi
810 3848 873 3913 visi
901 3848 973 3912 sint.
1018 3846 1096 3912 (lom
1119 3866 1196 3912 vero
1218 3867 1275 3929 po-

127 3989 200 4055 sapt,
222 3955 326 4036 chrcr
343 3978 412 4033 alles
438 3979 571 4044 Wtsscus,
597 3983 653 4033 crud
671 3980 715 4033 die
733 3978 866 4034 Rhetorilc
885 3995 944 4032 war
961 3995 1015 4032 nur
1032 3979 1081 4033 der
1099 3975 1276 4041 Zauberstub,

130 4069 189 4133 „der
207 4067 251 4120 dte
270 4063 388 4119 Scbdtze
405 4065 457 4119 der
482 4064 611 4120 Weisbcr't
629 4064 711 4119 beben
731 4063 858 4120 botrum.
880 4066 919 4129 (2).
