3004 4886
271 313 312 366 De
328 314 469 368 notionum
487 311 636 380 πολιτικὸς
653 322 680 368 et
698 309 836 384 σοφιστὴς
853 331 905 368 usu
922 315 1066 369 rhetorico.
1180 317 1239 373 223

86 505 173 568 qnae
190 485 316 552 Usener
330 487 420 570 Epio.
436 493 468 570 p'.
488 489 557 569 113,
578 489 701 552 13—18
718 507 759 554 ex
774 489 847 554 aliis
863 489 939 553 voli.
955 487 1037 563 (VH¹
1050 487 1095 554 IV
1108 508 1134 554 o.
1148 493 1167 550 4
1179 491 1239 572 sq.)

84 588 240 671 praebet:
269 579 331 652 ὑπ’
358 579 460 652 αὐτοῦ
483 586 519 651 δὲ
541 589 600 652 τοῦ
628 583 707 674 ἤχου
735 590 791 654 καὶ
813 591 880 653 τῶν
907 585 1074 669 περιόδων
1096 590 1150 653 καὶ
1173 591 1240 654 τῶν

85 693 255 774 παρίσων,
278 683 487 774 όμοιόρκτων
516 691 545 767 (λ
569 684 808 773 όμοιοοίρκτων.
832 683 1019 756 ἀντιθέτων
1042 691 1154 767 Sudh.)
1183 693 1239 756 καὶ

84 786 349 872 ὁμοιοτελεότων
364 791 659 877 ψυχαγωγούμενοι
678 785 780 868 εὐθὺς
795 790 834 879 δὴ
851 791 1103 879 προσεδόκησαν
1119 800 1174 868 (so.
1191 813 1239 861 so·

84 895 267 978 phistarum
284 895 456 980 discipuli),
476 892 506 959 εἰ
519 897 669 960 τοιοῦτοι
684 888 906 982 όνεφόνησαν,
929 884 989 960 κόν
1006 892 1039 959 ἓν
1055 894 1240 983 ἐκκλησίαις

82 998 140 1062 καὶ
165 996 394 1083 δικαστηρίοις
416 981 451 1062 εὖ
474 989 714 1084 ἀπαλλάττειν,
738 990 776 1062 οὐ
800 1001 1001 1081 συνορῶντες
1024 989 1078 1064 ότι
1100 991 1173 1062 οὐδ’
1200 987 1240 1062 δν

82 1090 271 1182 ἠνείχοντο,
302 1097 331 1164 εἰ
354 1096 388 1162 όν
411 1096 579 1185 ἐκκλησίαι
601 1101 657 1164 καί
686 1099 904 1186 δικαστηρίωι
933 1091 1035 1164 οότωι
1063 1102 1240 1176 λαλοῦντος

83 1195 217 1288 ἤκουον.
256 1203 361 1268 Etiam
377 1222 408 1284 p.
435 1205 505 1283 162,
529 1204 548 1265 9
570 1202 682 1284 Sudh,
706 1204 775 1268 sive
798 1203 969 1288 σοφιστῶν
992 1203 1063 1268 sive
1085 1204 1240 1282 τεχνιτῶν

83 1305 266 1386 scribimus,
290 1312 376 1370 certe
395 1300 437 1367 τό
460 1298 706 1385 ὁμοιοτέλευτοι,
729 1298 956 1385 ὁμοιόπτωτα,
975 1297 1240 1387 όμοιοκάταρκτα

84 1404 162 1471 huio
187 1414 347 1472 oratorum
369 1407 461 1490 gregi
484 1405 581 1471 valde
604 1407 636 1470 in
659 1406 784 1473 deiioiis
808 1427 879 1474 esse
902 1407 1146 1473 demonstratur.
1190 1407 1239 1472 De

83 1507 397 1590 metaphorarum
411 1509 511 1573 nimia
523 1509 692 1574 crebritate
704 1509 844 1591 loquitur
854 1509 1065 1576 Philodemus
1077 1527 1108 1592 p.
1124 1513 1238 1591 175‚9:

83 1610 138 1671 καὶ
155 1607 304 1689 μάλιστα
318 1605 396 1684 τεός
412 1606 577 1694 σοφιστὰς
599 1610 698 1693 (quod
720 1617 842 1676 eertum
858 1629 899 1676 ex
914 1611 977 1676 1οοί
993 1610 1103 1676 indole
1118 1618 1150 1676 et
1164 1608 1238 1675 Phi-

83 1711 206 1777 lodemi
230 1712 370 1776 maxime
392 1713 581 1794 plerumque
604 1713 666 1778 sibi
689 1714 846 1778 constanti
873 1731 991 1796 genere
1014 1711 1143 1779 dicendi
1165 1732 1238 1795 sup·

82 1815 295 1896 plementum)
324 1810 381 1876 ἐπὶ
412 1816 528 1877 πλεῖον
556 1815 825 1900 κατακεχρῆσθαι
852 1826 1062 1898 μεταφοραῖς
1091 1811 1237 1892 πάντων,

83 1907 141 1994 οόχ
165 1905 309 1978 ὅτιτῶν
333 1911 388 1980 διὰ
415 1912 627 1998 πεζολογίας,
658 1908 741 1978 ἀλλὰ
765 1917 821 1980 καὶ
849 1915 975 1998 μᾶλλον
1000 1917 1067 1979 τῶν
1089 1918 1239 2002 ποιητῶν

83 2025 162 2101 etp.
184 2017 253 2098 181,
270 2019 326 2083 21:
341 2019 408 2081 τῶν
424 2019 596 2102 σοφιστῶν
618 2015 790 2093 τοιαύταις
811 2021 1040 2104 (μεταφοραῖς)
1061 2021 1238 2102 χρωμένων

84 2170 90 2183 .
117 2171 124 2184 .
150 2171 157 2184 .
184 2119 319 2184 πλείοσι
341 2121 408 2183 τῶν
436 2124 557 2201 κυρίων
580 2113 697 2195 οὔσαις
726 2121 776 2197 (of.
800 2141 832 2203 p.
857 2122 933 2204 180,
957 2124 997 2186 20
1015 2127 1108 2204 sqq.).
1152 2121 1237 2187 Satis

84 2243 162 2290 vero
186 2223 280 2289 nohis
297 2229 345 2288 est
369 2257 405 2266 —
431 2223 582 2304 quoniam
602 2222 643 2288 de
659 2222 794 2305 singulis
816 2222 911 2304 plura
933 2229 1019 2289 oerto
1042 2225 1158 2288 elicere
1174 2243 1237 2288 non

83 2345 215 2409 possum
237 2358 279 2369 —
302 2323 387 2406 quod
411 2326 443 2388 in
465 2325 649 2390 universum
671 2323 833 2389 nonnullis
855 2325 934 2390 loois
957 2325 1093 2407 legimus
1110 2343 1180 2390 esse
1195 2323 1238 2389 ad

83 2429 161 2495 artis
176 2428 306 2509 regulas
328 2432 477 2492 aoourate
499 2427 693 2510 compositos
716 2425 933 2508 sophistarum
956 2427 1126 2507 orationes
1149 2427 1239 2492 velut

82 2551 112 2613 p.
132 2532 204 2610 132,
221 2531 259 2592 31
274 2546 359 2610 sqq.:
383 2518 592 2603 ἀκολούθως
605 2531 625 2605 ¹)
648 2538 719 2602 τοῖς
737 2527 1009 2611 παραγγέλμασιν
1026 2525 1105 2604 τοὺς
1121 2525 1238 2611 λόγους

82 2627 381 2708 κατασκευάζουσιν
410 2635 465 2708 (so.
497 2629 528 2694 οἱ
559 2634 738 2714 σοφισταί,
768 2629 855 2711 quod
883 2637 1049 2696 utrorum
1079 2651 1163 2696 nexu
1193 2633 1239 2696 ita

83 2755 113 2816 p.
132 2736 209 2816 130,
232 2736 261 2798 6.
288 2735 365 2815 131,
387 2734 428 2794 22
450 2731 603 2810 firmatur)
630 2739 662 2798 et
683 2751 713 2815 p.
732 2733 808 2812 183,
833 2734 888 2794 20:
919 2729 971 2794 διδ
994 2733 1050 2795 καὶ
1073 2730 1237 2816 πρότερον

83 2840 142 2915 μέν
166 2857 241 2910 πως
265 2829 371 2912 ελπον,
398 2825 451 2898 ότι
473 2837 532 2899 τοῦ
555 2835 719 2917 σοφιστοῦ
741 2831 1009 2918 διηκριβωμένους
1032 2829 1104 2897 ἐστὶ
1126 2833 1236 2909 καλόν,

83 2941 120 3024 τῇ
139 2935 242 3022 φύσει
265 2929 296 3000 δ1
323 2929 360 3000 oi
378 2932 415 2999 τὸ
432 2934 729 3016 καταοκεύαομαῖ),
753 2937 818 3000 1.ε.
842 2937 934 3018 plus
956 2935 1077 3002 hahet
1099 2957 1236 3022 outae,

84 3061 198 3122 qnam
227 3045 418 3119 naturae,
449 3045 483 3103 ut
504 3057 575 3104 eum
605 3045 713 3103 vetere
739 3037 880 3115 iudicer)
910 3039 1039 3122 loquar3
1071 3039 1110 3105 of.
1140 3041 1236 3106 etiam

83 3163 112 3224 p.
132 3146 203 3220 100,
220 3141 335 3204 ε-ιι.

167 3245 235 3310 Iam
252 3244 359 3308 animo
375 3243 467 3325 quasi
483 3249 628 3307 tenemus
644 3242 862 3324 imaginem
885 3248 983 3323 atque
999 3245 1140 3325 speeiem
1156 3245 1235 3326 eius,

84 3366 178 3428 quem
194 3347 226 3410 in
241 3344 425 3410 Philodemi
448 3343 593 3426 reliquiis
616 3341 898 3437 deprehendimus,
921 3343 1096 3427 sophistae.
1138 3346 1234 3412 Ouios

83 3447 210 3528 generis
240 3466 323 3530 quae
353 3448 553 3530 potissimum
583 3445 625 3510 ab
655 3463 693 3510 eo
722 3445 923 3528 proferantur
956 3448 1162 3529 exempla,
1196 3469 1236 3510 no

81 3615 285 3626 *—

169 3737 193 3798 1)
210 3731 295 3786 Sudh.
315 3723 503 3796 οἷκολοόίίους.

168 3821 193 3880 1)
212 3816 291 3884 Quod
302 3831 426 3885 propono
438 3831 488 3885 pro
501 3815 657 3870 Sudhausii:
677 3813 905 3887 διηκριβωμένας
922 3811 982 3870 ἐστὶ
993 3809 1085 3870 καλὸν
1096 3818 1140 3884 τῆι
1154 3811 1235 3887 φύσει

84 3895 233 3972 [γ’]οόωίν]
255 3897 488 3970 κατασκεύασμα.
512 3901 650 3970 sophistae
668 3915 765 3956 nomen
787 3901 935 3954 indicatum
959 3899 1065 3954 duabus
1086 3901 1181 3956 litteris
1200 3921 1235 3958 σο

82 3989 192 4044 fulcitur
207 4003 233 4056 p.
250 3990 308 4050 184,
321 3989 345 4040 3.

168 4076 193 4140 3)
210 4071 319 4141 Quintil.
338 4071 365 4126 X
384 4075 478 4138 1‚106.
