3004 4886
252 332 312 388 250
661 335 774 389 Carolus
792 334 999 390 Brandstaotter

249 501 343 587 παρὰ
361 503 397 569 δὲ
412 516 484 580 τοῖς
499 499 680 582 ὑποξύλοις
695 503 827 580 τούτοις
843 518 1072 589 σοφισταῖς
1093 505 1281 589 πάμπολλα
1297 500 1423 592 ου’ροις

251 600 301 671 ι’ἱν.
339 605 498 698 τάφους
517 605 648 693 τεμὰρ
672 606 883 692 ἐμψύχους
905 605 1002 682 τοὺς
1023 607 1156 692 ysaac
1180 611 1422 694 λέγουσιν)

251 760 310 775 ...
333 711 389 774 καὶ
406 704 492 774 ἄλλοι
515 709 590 776 τινὰ
613 709 836 796 ψυχρεύονται
858 709 1046 792 πάμπολλοι
1069 762 1124 776 ...
1148 704 1224 776 ἀλλ’
1244 707 1329 797 ὑπὲρ
1345 714 1421 795 μὲν

250 809 377 876 τούτων
401 803 488 876 οὕτω
508 816 687 896 χρωμένων
702 815 750 897 τῷ
766 811 861 898 λόγῳ,
885 815 952 877 τῶν
974 813 1239 898 τραγῳδοποιῶν
1263 815 1299 880 δὲ
1322 816 1420 900 λέγω

250 917 306 980 καὶ
328 921 388 979 του
405 913 587 998 Πινδάρου,
610 906 683 996 τάχ’
704 903 744 978 ἂν
764 912 894 996 ’ἑχοιμέν
916 938 949 979 τι
972 915 1077 999 λέγειν
1101 963 1158 980 ...
1181 911 1267 1000 ὑπὲρ
1289 920 1419 1000 μέντοι

250 1019 317 1082 τιῦν
333 1014 367 1082 ἒν
383 1017 589 1100 πολιτικῷ
613 1015 700 1102 λόγῳ
715 1015 889 1092 τοιαύταις
908 1020 1087 1102 χρωμένων
1109 1016 1295 1104 παχύτησιν
1312 1012 1418 1084 οὐδε-

250 1125 331 1202 μίαν
355 1111 542 1204 ἆιιολομιαν
565 1113 716 1199 εὑρίσκω.
753 1121 872 1185 lterum
890 1121 988 1202 igitur
1003 1140 1051 1202 ea,
1075 1139 1158 1204 qnae
1173 1121 1327 1206 sophistis
1350 1145 1417 1207 po-

250 1224 425 1306 tissimum,
454 1224 475 1287 i.
499 1243 526 1288 e.
551 1222 794 1306 epidicticarum
818 1223 998 1288 orationum
1021 1222 1213 1307 artificibus,
1244 1225 1416 1308 accidunt,

250 1326 330 1390 vitia
345 1326 486 1390 maxime
509 1323 777 1409 reprehendenda
792 1345 830 1390 ao
846 1324 1029 1389 damnanda
1044 1344 1115 1391 esse
1131 1327 1164 1390 in
1180 1328 1316 1392 veritate
1332 1348 1414 1392 cau-

251 1447 356 1494 sarum
380 1427 543 1508 discimus,
566 1426 653 1491 nude
675 1427 781 1491 denuo
803 1425 839 1490 fit
861 1427 1065 1510 perspicuum
1092 1424 1345 1512 σοφιστικὸν
1370 1437 1416 1495 et

250 1523 476 1592 πολιτικὸν
493 1525 614 1610 λόγον
630 1527 924 1610 quodammodo
943 1561 983 1571 -
1007 1528 1235 1610 Epicureorum
1251 1530 1415 1597 videlieet

249 1631 282 1694 in
304 1630 435 1696 modum
457 1663 499 1674 -
522 1649 611 1696 esse
634 1631 861 1715 oppositos.

334 1732 597 1799 Adiectivum
622 1728 819 1816 σοφιστικὸς
841 1731 919 1814 quid
942 1731 1137 1813 Hermogeni
1160 1733 1283 1815 valeat,
1307 1741 1342 1798 ut
1366 1754 1413 1800 ex

250 1836 329 1918 ipsis
362 1836 427 1901 illis
460 1836 652 1901 substantivi
683 1833 822 1900 adhibiti
856 1834 1014 1916 exemplis
1047 1840 1198 1918 apparet,
1232 1836 1279 1900 ita
1307 1837 1411 1901 etiam

335 1971 359 2034 1)
379 1967 523 2036 Gorgias
535 1971 604 2021 teste
616 1966 660 2020 Ps.
673 1966 758 2034 Long.
772 1983 802 2020 π.
815 1954 868 2035 dp.
884 1981 906 2019 c.
921 1969 936 2018 3
949 1981 976 2033 p.
990 1970 1014 2029 5,
1029 1966 1100 2030 tav,
1119 1982 1172 2034 quo
1186 1983 1248 2020 curn
1259 1967 1321 2022 loco
1340 1984 1408 2022 con-

249 2054 320 2108 feras
338 2068 438 2121 quaeso
456 2055 530 2106 huno
548 2051 782 2118 Hermogenis:
807 2049 841 2104 H.
861 2050 955 2104 laudat
974 2051 1090 2118 Gorgiae
1107 2053 1195 2105 locum
1213 2058 1356 2120 praeterea
1374 2069 1411 2107 ex

249 2139 322 2192 solo
341 2138 385 2192 Ps.
405 2138 526 2204 Longino
545 2141 653 2201 notum,
678 2136 732 2204 qui
751 2135 899 2203 Gorgiae
922 2151 1040 2190 nomen
1064 2136 1172 2204 addim
1196 2143 1312 2204 uterque
1331 2143 1409 2192 tra·

248 2224 391 2290 goediae
408 2223 474 2276 dicit
490 2221 560 2276 tales
578 2222 771 2276 translationes
794 2219 926 2291 (τροπὰς)
944 2236 1019 2290 esse;
1043 2223 1087 2276 ille
1104 2223 1168 2276 huie
1187 2224 1301 2292 opponit
1319 2225 1411 2289 τούς

248 2303 453 2380 ἀληθινούς,
470 2307 516 2360 hic
535 2305 616 2372 τοὺς
634 2305 846 2372 πολιτικοὺς
863 2302 975 2376 λόγους.
1004 2307 1165 2362 lamvideas
1178 2307 1355 2376 Hermogenis
1375 2312 1411 2366 de

248 2396 291 2462 iis,
302 2395 347 2462 qui
357 2399 419 2446 ante
429 2408 458 2446 se
467 2393 564 2446 similia
574 2393 741 2460 scripserint,
753 2391 881 2446 indicium
891 2391 937 2460 Sp.
947 2392 974 2445 lI
985 2395 1043 2460 267,
1054 2396 1181 2459 26-268,
1191 2397 1206 2446 8
1216 2394 1269 2460 (W.
1280 2393 1322 2447 111
1333 2400 1409 2462 lull:

246 2479 423 2548 posteriorem
442 2478 498 2532 eius
511 2483 616 2546 partem
628 2477 663 2531 ad
675 2476 861 2531 Aristidem
879 2476 1056 2545 probabiliter
1068 2479 1151 2532 refert
1163 2479 1409 2546 Beumgartins

247 2566 266 2618 l.
276 2565 294 2618 l.
304 2580 331 2631 p.
345 2566 391 2616 153
400 2579 452 2632 sqq
466 2564 541 2631 prior
550 2579 613 2632 pars
623 2577 683 2616 mea
696 2563 829 2617 sententia
842 2563 915 2616 nullo
928 2565 1009 2630 pacto
1023 2563 1140 2632 quadrat
1149 2564 1184 2616 ad
1194 2563 1409 2634 Dionysium,

249 2651 284 2704 ad
296 2663 375 2717 quern
388 2663 446 2702 eam
459 2648 540 2702 facile
552 2649 612 2716 quis
623 2653 732 2704 revocet
744 2653 857 2716 propter
868 2648 914 2716 Sp.
926 2648 954 2701 II
966 2651 1026 2714 342,
1041 2653 1081 2703 lb.
1095 2649 1139 2702 W.
1152 2649 1194 2702 ΙΙΙ
1206 2653 1269 2715 2933
1289 2651 1412 2718 quadrat

248 2735 352 2804 egregie
369 2733 404 2787 ad
421 2734 520 2787 librum
537 2737 603 2804 περὶ
620 2725 724 2798 ῧψουςι
743 2734 771 2786 in
790 2747 821 2786 eo
840 2747 895 2786 una
911 2732 987 2787 idea
1006 2735 1173 2802 singillatim,
1191 2736 1293 2803 passim
1311 2751 1409 2790 omnes

248 2825 380 2874 tractatae
393 2824 482 2886 erant3
502 2819 535 2872 de
547 2819 606 2888 ipso
620 2818 861 2882 Demosthene,
880 2833 958 2886 quern
971 2818 1151 2886 Hermogenes
1166 2820 1284 2888 respicit,
1303 2820 1409 2875 dictum

247 2905 274 2958 in
288 2921 320 2960 eo
332 2905 385 2958 luit
396 2904 424 2957 in
436 2905 535 2958 lacuna
552 2904 633 2958 tertia
651 2907 686 2972 tp.
701 2907 734 2956 24
740 2903 783 2969 Vl,
802 2917 836 2955 ne
848 2903 936 2956 dicam
947 2903 1042 2970 uiginti
1054 2904 1110 2958 fere
1129 2905 1408 2961 commemorationes.

250 2989 528 3061 Τεταραγμὲνως
551 2989 692 3057 scripsisse
711 2988 755 3042 Ps.
774 2988 913 3054 Longinus
926 2989 997 3042 ‘iure
1020 2993 1111 3056 potest
1128 2987 1290 3057 Hermogeni
1312 2989 1408 3054 videri,

246 3092 310 3130 nam
326 3076 401 3129 ideas
419 3075 454 3127 ab
472 3073 642 3140 Hermogene
664 3074 798 3126 subtiliter
820 3073 962 3126 distinctas
980 3073 1025 3127 hic
1043 3074 1078 3127 ad
1095 3073 1234 3128 libidinem
1259 3075 1409 3128 confundit

247 3163 291 3227 (ct'.
309 3177 337 3228 p.
355 3163 403 3223 24,
422 3161 535 3224 17-25,
556 3164 580 3224 5,
597 3159 645 3212 uhi
662 3158 703 3211 vel
721 3158 844 3212 undecim
866 3157 1010 3226 qualitates
1028 3159 1223 3227 nominantur);
1247 3159 1322 3214 acsi
1340 3161 1409 3228 quid

247 3248 275 3300 in
287 3249 340 3298 hoc
352 3243 420 3298 libro
433 3243 591 3312 reprehendi
609 3243 698 3311 dehet,
715 3243 965 3312 reprehendendam
983 3258 1043 3297 esse
1058 3259 1156 3308 rerum,
1174 3245 1322 3308 notionum,
1340 3261 1407 3314 par-

247 3333 314 3384 tium
336 3345 391 3382 non
413 3327 480 3382 satis
503 3333 660 3382 accuratam
682 3328 881 3382 diatmctionem
904 3329 970 3381 mihi
995 3333 1097 3382 certum
1119 3332 1169 3383 est.
1212 3332 1305 3386 Λιαν
1327 3323 1407 3387 ιῖιτιἡ

246 3419 318 3472 στῶ
323 3435 339 3470 ν
357 3408 435 3488 αὑτῷ
453 3413 498 3468 Ps.
516 3413 656 3479 Longinus
674 3413 835 3481 Hermogeni
856 3413 939 3466 videri
956 3413 1016 3467 iure
1036 3414 1141 3484 potuit,
1165 3415 1238 3483 quod
1255 3415 1406 3484 perspicias

247 3517 280 3555 ex
292 3517 316 3556 c.
328 3499 381 3554 ΧΠ
399 3505 436 3569 (p.
451 3503 492 3566 24,
506 3502 616 3564 16-25,
630 3503 655 3565 3)
672 3499 806 3567 perlect03
825 3499 936 3553 verbum
950 3493 1029 3568 οἶμαι
1041 3501 1137 3554 mirum
1156 3507 1284 3568 quantum
1302 3517 1406 3570 anony-

246 3603 306 3640 mus
319 3586 438 3639 adhibet.
469 3584 658 3638 Probabile
675 3583 758 3651 igitur
770 3583 835 3637 mihi
848 3583 956 3638 videtur
972 3584 1110 3640 lectitasse
1122 3585 1315 3652 Hermogenem
1326 3586 1405 3640 libel-

246 3673 302 3725 lum
314 3689 343 3728 π.
355 3661 457 3743 ὕψους,
469 3684 557 3738 quem,
575 3669 599 3724 si
611 3669 691 3724 modo
703 3669 755 3736 legi
766 3669 864 3736 potuit,
882 3669 918 3723 ab
931 3669 1099 3737 Hermogene
1110 3685 1165 3724 nou
1176 3685 1237 3724 esse
1248 3670 1347 3725 lectum
1361 3674 1406 3725 rix

245 3755 374 3809 credibile
392 3759 441 3811 est.
478 3754 507 3808 Si
525 3769 588 3808 vero
606 3758 679 3808 reete
698 3753 877 3819 coniecimus,
895 3769 994 3808 norum
1011 3755 1117 3809 accedit
1134 3762 1330 3823 argumentum,
1349 3773 1404 3825 quo

244 3840 398 3908 Longino
421 3840 473 3893 hoc
496 3853 565 3907 opus
587 3839 783 3906 abiudicemus;
808 3844 841 3892 ut
857 3839 975 3893 tortasse
995 3855 1029 3892 ne
1047 3839 1088 3894 Io.
1108 3839 1202 3894 Canna
1226 3840 1333 3908 quidem
1350 3842 1405 3894 iarn

245 3925 331 3992 possit
349 3923 483 3989 dubitare,
502 3924 549 3992 qui
566 3923 649 3977 etiarn
666 3940 752 3989 nunc,
777 3929 908 3992 quantum
925 3925 998 3989 scio,
1021 3924 1137 3994 Longini
1154 3925 1183 3978 id
1201 3940 1260 3979 esse
1278 3926 1404 3992 spondet.

244 4011 319 4063 Haec
337 4011 477 4078 postquam
496 4008 604 4076 monui,
622 4008 669 4077 qui
686 4009 769 4063 libelli
788 4027 817 4064 τι.
837 3997 887 4080 dqa
905 4011 1036 4078 peculiari
1053 4010 1160 4064 ratione
1177 4009 1271 4063 habita
1290 4010 1404 4066 Hermo-

244 4109 338 4163 genem
356 4093 506 4162 perlegerit,
524 4093 643 4149 fortasse
660 4093 714 4148 alia
731 4093 812 4148 huius
830 4094 903 4149 modi
920 4095 1021 4150 indicia
1038 4111 1093 4150 non
1111 4095 1283 4150 desiderabit.
