3004 4886
254 323 315 379 216
659 321 771 376 Carolus
789 320 995 375 Brandstuetter

253 503 394 580 ceptor
410 494 673 577 estdicendi‚
696 514 738 560 ex
752 494 1183 578 alteraipseorationes
1199 496 1409 577 componit

253 599 319 664 vel
342 597 475 664 hehet.
519 597 755 664 institutionem
777 597 868 661 illam
890 597 1080 678 oratoriam,
1110 597 1162 662 cui
1185 596 1333 678 indulget
1356 616 1408 662 so·

253 700 372 784 phista,
396 699 607 766 Philodemus
623 700 669 764 ita
683 699 863 764 accuratius
879 699 1118 782 circumscribit,
1142 704 1177 763 ut
1193 697 1408 781 sophisticam

253 798 323 887 (τὴν
353 797 563 888 σοφιστικὴν)
596 801 741 885 appellet
772 803 916 885 τέχνην
947 801 1026 882 περὶ
1055 797 1116 876 τὰς
1146 799 1376 885 λογογραφίας
1388 804 1409 873 ¹)

251 905 307 970 καί
323 901 383 980 τὰς
399 901 579 979 ἐπιδείξεις
602 907 645 987 (p.
663 905 713 985 48,
730 906 771 967 26
787 922 873 986 sqq.;
897 903 936 968 cf.
950 924 982 987 p.
999 907 1050 985 47,
1069 907 1107 966 17
1124 922 1193 986 sqq.
1211 903 1261 968 ed.
1279 901 1408 986 Sudh),

252 1028 348 1091 quam
382 1007 514 1090 quidem
548 1006 842 1089 interpretationem
873 1024 949 1071 vere
983 1025 1053 1071 esse
1083 1005 1330 1089 Epicuream
1367 1024 1408 1069 ex

253 1110 399 1176 versibus
423 1112 463 1173 30
479 1127 549 1192 sqq.
564 1128 596 1191 p.
614 1109 653 1172 48
665 1109 690 1184 ²)
712 1107 855 1189 sequitur
878 1113 910 1172 et
932 1125 973 1171 ex
996 1126 1027 1190 p.
1044 1111 1095 1189 50,
1113 1109 1169 1172 33:
1192 1107 1258 1170 τῶν
1273 1129 1310 1170 ιε
1327 1107 1408 1188 περὶ

254 1209 313 1275 τὸν
339 1203 533 1292 Ἐπίκουρον
562 1206 849 1294 ἀποφαινομένων
877 1211 991 1295 τέχνην
1015 1203 1183 1292 εἶναιτὴν
1206 1206 1408 1294 σοφιστικὴν
1487 1289 1488 1292 ¹

253 1315 312 1378 τοῦ
342 1311 459 1398 λόγους
480 1310 622 1398 γράφειν
644 1312 701 1375 καὶ
724 1307 906 1387 ἐπιδείξεις
928 1313 1126 1390 ποιεῖσθαι,
1159 1312 1220 1375 τοῦ
1250 1309 1286 1374 δὲ
1312 1309 1408 1387 δίκας

254 1416 361 1498 λέγειν
377 1416 433 1479 καὶ
449 1413 647 1500 δημηγορεῖν
664 1405 723 1478 οὐκ
738 1407 825 1477 εἶναι
846 1415 969 1497 τέχνην,
993 1432 1076 1496 quae
1092 1432 1196 1496 paene
1211 1413 1253 1478 ad
1270 1414 1407 1479 verbum

253 1523 440 1602 repetuntur
462 1539 493 1602 p.
512 1517 807 1599 68,21-60,27.
852 1515 922 1581 Νεο
950 1517 1050 1581 multo
1084 1514 1254 1581 discedunt
1283 1516 1325 1580 ab
1356 1515 1408 1580 his
1488 1593 1489 1614 η

251 1621 369 1703 verbis,
393 1640 475 1703 quae
498 1620 577 1685 dicit
598 1640 629 1703 p.
649 1622 722 1699 122,
738 1620 795 1683 30:
818 1611 837 1704 ἡ
862 1614 1041 1702 σοφιστικὴ
1058 1613 1212 1703 ῥητορικὴ
1235 1621 1331 1703 τέχνη
1354 1619 1408 1692 τίς
1488 1625 1489 1636 ’

252 1719 323 1786 ἐστι
345 1725 425 1804 νιερί
451 1744 487 1784 τε
512 1717 573 1796 τὰς
597 1718 793 1797 ἐπιδείξεις,
824 1718 898 1796 οἵας
922 1711 1018 1784 αὐτοὶ
1041 1721 1235 1799 ποιοῦνται,
1265 1718 1408 1796 καὶτὰς

251 1827 318 1888 ιιῦν
342 1821 448 1907 λόγων
472 1821 654 1902 διαθέσεις,
678 1821 760 1886 οἵων
783 1814 879 1887 αὐτοὶ
893 1819 1079 1906 γράφουσιν
1094 1823 1149 1886 καί
1167 1819 1406 1902 σχεδιάζουσιν.

252 1928 443 1993 Primarium
460 1945 536 2008 ergo
560 1944 669 1992 eorum
693 1925 833 1992 officium
857 1931 905 1991 est
927 1931 1053 1990 artem
1075 1924 1223 1991 docere
1247 1924 1408 2008 epidio-

250 2031 360 2096 tioas
394 2029 605 2094 orationes
640 2027 911 2111 componendi
945 2033 984 2092 ct
1017 2027 1196 2092 habendi
1225 2047 1300 2094 neo
1328 2048 1407 2093 non

250 2131 390 2197 subito
413 2129 590 2196 dicendi.
630 2129 694 2194 Sed
723 2149 919 2212 quamquam
943 2130 1073 2212 Epicuri
1096 2129 1244 2194 nimirum
1268 2131 1409 2211 vestigia
1489 2159 1490 2162 ¹

253 2240 380 2300 secutus
409 2234 461 2308 (of.
477 2253 508 2316 p.
527 2236 583 2314 50,
607 2234 647 2297 33
663 2252 733 2314 sqq.
749 2252 781 2315 p.
799 2236 856 2314 54,
879 2234 898 2296 8
915 2251 984 2314 sqq.
1001 2252 1032 2314 p.
1050 2235 1106 2314 77,
1129 2233 1169 2294 26
1192 2251 1261 2314 sqq.
1284 2251 1315 2315 p.
1334 2237 1407 2313 100,

254 2341 291 2400 12
307 2338 390 2419 sqq.)
412 2335 530 2402 diserte
547 2333 755 2400 Philodemus
779 2340 875 2417 negat
897 2334 1125 2399 contionalium
1150 2340 1182 2398 et
1205 2333 1408 2399 iudicialium

250 2440 429 2504 orationum
465 2437 593 2502 veritati
631 2436 855 2520 adoptatorum
894 2436 1023 2501 omnino
1061 2436 1158 2500 ullam
1195 2455 1266 2502 osse
1303 2442 1408 2501 artem

252 2541 392 2622 (qualem
408 2537 520 2604 definit
535 2559 566 2620 p.
585 2540 636 2619 69,
653 2540 672 2598 2
688 2539 782 2620 sqq),
805 2544 913 2602 tamen
928 2536 977 2600 illi
993 2535 1158 2619 sophistae
1181 2537 1278 2601 etiam
1303 2536 1409 2602 hanc

250 2642 430 2708 rhetoricae
453 2646 577 2724 partem
601 2640 793 2722 disciplinae
815 2658 893 2704 suae
916 2638 1091 2719 vindicant,
1119 2638 1205 2720 quod
1224 2658 1267 2703 ex
1283 2638 1333 2704 his
1348 2659 1406 2721 po-

252 2743 412 2810 tissimum
435 2742 588 2808 discimus
609 2742 705 2807 locis:
734 2761 766 2825 p.
785 2743 862 2822 132,
886 2743 903 2803 'l
929 2731 1013 2802 ἀλλὰ
1036 2736 1095 2822 τὴν
1117 2741 1230 2824 τέχνην
1254 2739 1408 2824 λέγουσιν

251 2841 338 2911 εἶναι
360 2846 439 2926 περὶ
455 2841 516 2918 τὰς
539 2843 740 2929 δημηγορίας
762 2843 818 2907 καὶ
839 2839 901 2916 τάς
917 2838 1025 2916 δίκας·
1050 2832 1131 2905 ὅταν
1147 2825 1205 2905 οὖν
1222 2840 1408 2922 δειχδιῦσιν

251 2941 408 3029 οὐδέτερα
444 2942 857 3029 παρασκευάζοντες,
893 2939 1132 3028 ἐμφανίζονται
1165 2944 1222 3007 καὶ
1255 2947 1409 3030 τέχνην

250 3044 309 3115 οὐκ
334 3049 473 3131 ἔχοντες,
496 3069 527 3131 p.
547 3049 617 3129 137,
636 3050 673 3110 31
700 3039 815 3128 ἀμέλει
836 3041 898 3128 γάρ
915 3037 992 3109 οὐδὲ
1016 3043 1280 3132 νιροοιδοξάσθη
1296 3051 1408 3127 μέθο-

249 3152 306 3229 δάς
328 3174 380 3226 τις
397 3144 478 3234 άλλη
494 3149 561 3212 τῶν
578 3146 760 3211 νιολιιικιῦν
782 3151 836 3226 (sc.
861 3145 988 3230 λόγων),
1011 3140 1097 3230 ἤπερ
1120 3143 1160 3230 ἢν
1183 3146 1217 3211 οἱ
1240 3151 1408 3233 σοφισταὶ

249 3257 316 3318 νιῦν
340 3251 522 3338 ῥητορικῶν
545 3249 651 3333 λόγων
675 3251 913 3333 παρεγγυῶσιν.
959 3250 1065 3314 Etiam
1088 3251 1205 3316 certius
1228 3250 1291 3317 hoc
1306 3251 1343 3318 fit
1365 3254 1408 3320 iis

339 3405 363 3468 i)
382 3401 448 3454 Cum
466 3400 521 3464 illa,
540 3414 608 3467 quae
627 3403 668 3454 est
684 3399 850 3454 iudicialium
868 3400 1036 3466 orationum,
1055 3401 1236 3475 λογογραφίφ
1254 3399 1321 3455 haec
1340 3403 1410 3456 nihil

249 3489 333 3542 habet
352 3499 506 3551 commune3
530 3485 610 3538 immo
634 3481 739 3556 λόγους
762 3480 884 3558 γράφειν
907 3493 961 3538 cst:
985 3491 1059 3537 arte
1076 3499 1114 3539 ac
1132 3485 1247 3539 studio
1266 3487 1410 3543 elaborare

249 3581 276 3627 et
294 3571 437 3641 perpolite,
455 3571 530 3624 velut
546 3569 651 3624 Philod.
671 3585 698 3637 p.
714 3574 814 3636 100,11
838 3564 1002 3640 γράφεσθαι
1020 3564 1087 3633 τοὺς
1104 3563 1283 3640 Ἰσοκράτους
1301 3568 1411 3645 λόγους

248 3651 323 3713 κατὰ
348 3656 456 3726 τέχνην.
491 3654 552 3708 Ηοο
576 3669 658 3709 sensu
680 3655 791 3707 verbum
808 3654 861 3707 ium
878 3654 912 3707 ah
931 3654 1051 3707 Isocrate
1074 3659 1223 3722 usurpatur
1245 3659 1273 3708 et
1290 3654 1325 3707 ab
1344 3656 1409 3708 Ari-

249 3743 359 3807 stotele3
386 3741 440 3793 huo
458 3741 577 3807 pertinet
596 3738 740 3805 Stagirites
762 3738 893 3792 terminus
918 3734 1060 3808 γραφικός
1078 3739 1120 3808 (=
1134 3735 1344 3806 ἐπιδεικτικός),
1370 3741 1408 3796 cf.

248 3843 273 3895 p.
288 3830 338 3880 213
357 3826 419 3880 adn.
440 3829 463 3880 1.

336 3914 361 3975 1)
380 3909 472 3977 Pergit
490 3907 573 3962 enim:
592 3911 680 3964 τοῦτο
699 3903 780 3963 ἔσται
797 3902 934 3978 φανερόν,
952 3903 1076 3972 ἐπειδάν,
1095 3902 1134 3973 ὡς
1147 3901 1227 3978 ἡμεῖς
1244 3908 1362 3978 (Philod.
1383 3915 1411 3965 et

248 3996 357 4050 omnino
377 3993 515 4062 Epicurei)
538 3987 803 4060 κατασκευάζομεν,
827 3993 1001 4062 παραθῶσίν
1019 4011 1092 4049 ποτε
1116 3987 1195 4065 παρὰ
1215 3997 1274 4048 τῶν
1293 3986 1410 4068 ἀνδρῶν

248 4081 293 4144 (cf.
313 4094 397 4148 supra
414 4095 441 4146 p.
459 4083 516 4139 154)
534 4079 583 4133 καί
601 4072 635 4134 τά
653 4076 821 4150 μαρτύρια..
