2990 4886
271 320 313 375 De
330 319 470 375 notionum
488 315 637 383 πολιτικὸς
656 324 683 372 et
701 316 839 390 σοφιστής
855 333 908 373 usn
925 317 1069 373 rhetorico.
1193 319 1253 376 183

11 499 20 560 :j
83 495 159 578 ipsa
175 512 287 559 rerum
302 499 417 558 natura
431 491 575 575 sequitur
597 491 700 557 solum
723 509 824 574 genus
846 489 1000 556 iudiciale
1022 497 1055 558 et
1077 491 1253 558 maximam

12 622 22 662 ες
82 602 217 678 partem
250 597 300 675 (cf.
325 595 374 661 W.
392 595 508 677 11140,
529 595 557 658 8.
576 598 624 658 11.
649 593 769 677 11226,
792 595 843 666 29)
872 594 1062 660 contionalis
1092 603 1124 660 et
1152 613 1252 677 genus

11 709 17 767 {³
85 698 327 782 panegyricum
355 697 491 782 respici,
523 703 675 779 quantum
705 694 835 778 quidem
864 695 897 759 in
926 695 1006 779 ipsis
1035 697 1101 764 illis
1128 695 1253 762 duobus

11 808 23 838 ⁶
86 800 278 866 necessario
307 799 466 866 interdum
499 797 686 864 adhibetur:
720 797 816 863 facile
845 797 941 880 igitur
970 799 1042 881 quis
1071 799 1220 882 opinetur
1233 800 1253 876 ¹)

10 915 19 972 Ῑὲ,
84 921 206 968 uocem
230 897 406 977 πολιτικὸς
427 902 484 967 1110
507 920 603 968 sensu
625 919 696 966 esse
718 907 913 984 usurpatam,
936 919 999 982 qno
1022 901 1110 985 apud
1132 901 1253 986 pleros·

84 1023 151 1087 quc
175 1004 354 1088 scriptores
376 1002 419 1068 ad
441 1005 545 1069 solum
562 1003 742 1069 contionale
766 1009 798 1068 et
819 1001 973 1068 iudiciale
995 1021 1097 1084 genus
1118 1003 1254 1068 refertur

87 1140 129 1151 -
151 1125 265 1189 neque
287 1104 349 1173 hoo
370 1105 497 1188 falsum,
521 1106 548 1172 si
563 1125 641 1171 rem
658 1111 794 1189 spectas,
818 1104 859 1169 de
882 1123 946 1187 qna
969 1103 1030 1172 hoo
1052 1106 1253 1190 potissimum

11 1243 18 1280 ν,
88 1210 162 1274 1000
179 1209 407 1291 Hermogenes
422 1207 511 1274 dioit.
544 1208 844 1291 Interpretationem
861 1225 938 1274 vcro
954 1213 986 1272 et
1001 1208 1128 1273 termini
1143 1226 1254 1274 voram

10 1361 11 1364 ,
87 1311 254 1394 originem
276 1309 378 1375 nihilo
401 1310 506 1376 minus
535 1309 715 1392 putaverim
739 1327 780 1374 ex
803 1309 1023 1391 Hermagorea
1048 1307 1254 1393 technologia

12 1450 14 1470 s
89 1412 306 1495 repetendam
330 1432 401 1478 esse
416 1447 458 1457 -
475 1430 614 1493 nemque
636 1405 769 1495 prorsus
787 1418 874 1476 certo
898 1430 939 1476 ex
961 1430 1025 1476 una
1047 1412 1080 1476 in
1104 1411 1165 1478 hoc
1187 1417 1254 1477 toto

12 1585 13 1588 ,
90 1514 175 1580 libro
207 1514 288 1578 πολ.
324 1511 517 1600 ζητημάτων
548 1513 708 1578 mentione
737 1533 800 1578 non
829 1513 935 1579 audeo
969 1513 1161 1582 concludere
1195 1539 1254 1580 -ε

12 1685 13 1692 ,
91 1616 318 1700 Hermagorae
342 1617 426 1682 enim
456 1615 538 1682 haec
559 1615 647 1680 notio
676 1615 735 1680 luit
759 1615 969 1682 usitatissima
991 1623 1024 1682 et
1046 1618 1099 1682 vel
1121 1618 1154 1682 in
1177 1619 1254 1684 artis

11 1759 13 1762 ι
92 1717 318 1784 definitionem
335 1724 368 1784 et
388 1717 483 1783 finem
506 1723 646 1802 recepta,
670 1722 702 1782 01
715 1717 757 1782 01)
780 1715 842 1784 100
863 1718 935 1801 1000
958 1719 991 1783 10
1013 1719 1151 1787 010011)οε
1173 1727 1254 1786 trac·
1318 1730 1321 1735 ’

92 1819 203 1886 tondis
220 1819 443 1902 Hermogenes
457 1818 593 1902 pendet,
617 1836 721 1900 00000
737 1819 871 1884 obscure
887 1820 995 1886 verbis
1011 1817 1082 1885 ἐπὶ
1105 1824 1256 1902 μέρους

93 1943 121 1988 0.
140 1943 171 2006 q.
190 1943 216 1989 s.
235 1924 267 1988 ei
282 1921 481 1988 adversator.
525 1921 576 1986 Ita
597 1921 696 2005 igitur
714 1939 845 1988 censeo:
868 1923 901 1986 in
920 1923 1081 1989 locutione
1097 1922 1255 1988 πολιτικὰ

94 2017 272 2111 ζητήματα
295 2045 361 2090 vox
384 2019 559 2099 recitaturis
585 2024 753 2106 proprie
775 2023 950 2108 significat,
980 2025 1067 2108 quod
1090 2027 1147 2092 sub
1170 2047 1255 2093 oom-

11 2185 12 2188 ,
98 2147 229 2194 munem
255 2125 342 2193 cadit
371 2126 568 2192 intellectum
578 2129 617 2210 2);
648 2126 822 2208 quievero
845 2145 950 2192 sermo
973 2134 1022 2193 ost
1046 2128 1086 2194 de
1109 2130 1256 2212 stesibus,

97 2298 141 2359 19,
155 2298 180 2349 3.
202 2298 246 2359 81,
260 2297 284 2348 6.
302 2293 326 2346 V
341 2296 383 2357 23,
398 2297 422 2348 8.
452 2291 527 2348 Max.
546 2291 587 2346 Pl.
606 2291 630 2345 V
649 2295 708 2358 226,
721 2296 763 2346 26.
782 2308 863 2348 0000.
882 2292 934 2346 Vll
954 2295 1010 2358 109,
1024 2296 1057 2359 3),
1076 2302 1172 2349 contra
1189 2311 1257 2364 quos

100 2379 159 2434 inre
177 2379 350 2448 Porphyrius
368 2378 497 2448 pugnavit
514 2381 584 2431 teste
601 2377 715 2446 Sopatro
735 2377 767 2440 (V
786 2381 811 2444 9,
824 2382 874 2443 20),
893 2379 939 2446 001
956 2377 1015 2446 ipse
1033 2379 1103 2433 serio
1122 2381 1257 2449 discepta-

99 2465 202 2520 tionem
221 2467 250 2518 in
269 2468 412 2533 utramque
435 2471 540 2532 partem
562 2463 735 2531 instauravit3
760 2469 787 2517 et
803 2467 877 2518 recte
901 2463 1007 2532 quidem
1025 2479 1082 2518 rem
1103 2465 1258 2521 diiudicarit

100 2549 164 2618 Sop.
184 2551 224 2605 lv
248 2555 289 2604 14.
315 2553 356 2602 30.
375 2549 399 2603 V
419 2553 500 2616 1200.
524 2551 571 2612 23,
591 2551 632 2602 20.
652 2552 699 2613 32,
716 2551 747 2612 3,
771 2549 845 2602 Max.
869 2548 909 2602 Pl.
930 2549 953 2601 V
971 2552 1036 2615 226,
1060 2549 1157 2605 Matth
1183 2553 1257 2607 Cam.

101 2634 139 2688 VI
158 2640 220 2702 602,
241 2639 265 2702 6,
283 2650 364 2690 0000.
385 2633 503 2699 111462,
522 2639 545 2688 1.
581 2633 636 2687 Alii
653 2649 687 2688 ex
704 2633 798 2688 iisdem
815 2633 921 2688 indiciis
939 2633 1179 2691 definitionem
1196 2638 1258 2692 rhe-

101 2721 207 2776 toricae
225 2721 268 2775 his
286 2719 379 2789 primis
399 2719 488 2774 verbis
507 2719 640 2774 contineri
664 2719 790 2776 hariolati
814 2726 878 2772 sunt
900 2719 946 2781 (ci.
965 2719 1062 2790 Doxop
1089 2721 1116 2774 Il
1136 2727 1198 2790 100,
1217 2727 1257 2778 21.

104 2812 166 2876 104,
189 2813 232 2862 13.
259 2807 322 2876 Sop.
341 2807 366 2860 V
385 2810 433 2871 23,
453 2811 493 2860 14.
511 2805 549 2860 VI
574 2809 622 2870 41,
640 2808 665 2860 3.
700 2804 775 2858 Max.
794 2804 834 2859 Pl.
853 2803 878 2858 V
897 2808 959 2872 2323
986 2805 1022 2858 ad
1045 2806 1096 2860 hos
1120 2808 1154 2860 cl.
1178 2823 1258 2863 anon.

104 2892 148 2949 W.
166 2893 206 2947 IV
225 2898 251 2960 4,
271 2897 303 2946 10
316 2912 351 2948 ω
364 2891 480 2947 Luciani
497 2906 587 2961 peras.
606 2907 630 2946 c.
649 2896 688 2955 4),
711 2891 739 2944 10
758 2906 826 2959 0000
844 2896 919 2944 recte
936 2891 1125 2946 animadvertit
1143 2892 1201 2961 Syr.
1221 2894 1258 2946 lV

103 2982 187 3043 15,’1;
208 2971 244 3035 οὐ
255 2981 321 3048 περὶ
334 2978 487 3049 ῥητορικῆς
500 2972 515 3034 ὃ
529 2972 626 3048 λόγος,
645 2974 718 3034 ἄλλα
732 2979 797 3046 περὶ
809 2979 874 3032 aot.
888 2973 1056 3046 ζητήματος,
1075 2975 1139 3045 Sep.
1152 2977 1176 3032 V
1189 2982 1230 3043 32,
1244 2986 1258 3034 5

104 3063 455 3130 011100.Ρ100.11226,6,
474 3077 553 3131 quem
570 3063 710 3128 intereos,
729 3063 774 3130 001
793 3062 907 3116 inesse
924 3061 1107 3116 definitionem
1124 3067 1259 3131 putarent,

104 3147 184 3202 modo
197 3148 322 3203 vidimus.
347 3147 433 3201 Nemo
446 3147 564 3201 omnium
576 3146 668 3200 attulit
682 3147 771 3201 locum
784 3146 846 3200 libri
859 3149 925 3214 περὶ
937 3140 1028 3218 εὓρὲο.
1046 3147 1103 3216 (Sp.
1116 3147 1143 3200 ll
1159 3153 1214 3212 111,
1229 3154 1259 3203 13

104 3231 150 3285 W.
164 3233 269 3300 11165),
288 3232 334 3300 qui
351 3233 406 3286 huo
424 3231 504 3286 facit:
524 3232 558 3288 τὸ
578 3236 698 3304 πρᾶγμα
717 3235 780 3299 περὶ
793 3222 827 3288 οὗ
839 3226 855 3303 ή
868 3235 962 3302 κρίσις
973 3227 991 3302 ή
1002 3229 1037 3288 τό
1055 3229 1261 3306 βουλευτήριον

106 3317 284 3390 συνέστηκεν.
319 3315 351 3374 ἐν
368 3312 552 3389 προβλήμασι
570 3322 612 3379 t=
626 3313 773 3388 ζητήμασι)
791 3317 848 3388 γάρ
866 3313 883 3388 ή
900 3319 1038 3388 κρίνομεν
1055 3312 1073 3389 ή
1090 3314 1260 3387 βουλευόμε-

106 3406 155 3459 30.
172 3433 209 3446 -
227 3403 303 3457 11000
320 3402 356 3456 ad
373 3401 533 3456 illustranda
551 3402 759 3456 scholiastarum
778 3402 876 3456 studia.

194 3494 219 3555 1)
238 3487 278 3542 Gi.
297 3487 395 3542 Matth.
416 3486 489 3541 Cam.
509 3486 741 3552 1111160212.

198 3577 224 3640 2)
243 3572 446 3628 Γ1000100110οο
456 3573 705 3640 interpretationem
715 3573 836 3641 plerique
845 3572 1063 3627 scholiastarum:
1079 3571 1262 3638 Marcellinus,

110 3671 163 3711 nou
181 3657 289 3712 infimae
301 3665 382 3712 notae
400 3657 541 3727 interpres,
559 3655 631 3725 apud
643 3657 732 3712 Walz.
745 3657 783 3711 lV
796 3661 837 3723 60,
852 3661 882 3711 16
896 3658 1047 3714 πολιτικὸν
1058 3656 1088 3713 δὲ
1100 3656 1212 3728 λέγουσι
1225 3656 1260 3714 sd

109 3737 146 3810 μή
159 3746 225 3814 περὶ
243 3740 295 3807 τάς
312 3737 455 3810 μεθόδους
467 3737 518 3808 τὰς
530 3740 652 3810 φυσικὰς
668 3737 870 3813 ὑφιστάμενον,
888 3739 961 3800 ἀλλὰ
974 3745 1023 3814 τῆς
1034 3746 1131 3812 κοινῆς
1148 3739 1263 3810 ἐννοίας

112 3821 184 3896 ἔχων
202 3825 254 3899 τήν
270 3828 372 3898 κρίσιν.
409 3825 813 3897 (10100110000000000000110
830 3841 890 3882 esso
908 3827 1001 3882 dicunt
1018 3825 1059 3884 τοὶ
1079 3822 1261 3899 φιλόσοφα

113 3911 184 3982 (Sep.
197 3913 234 3968 IV
249 3916 290 3974 62,
302 3916 344 3967 21.
363 3915 442 3980 64,-3.
462 3916 503 3978 18,
518 3915 559 3968 16.
577 3909 711 3978 12018.
731 3917 772 3978 21,
787 3918 827 3968 15.
846 3916 887 3978 18,
902 3917 942 3968 13.
961 3913 1058 3982 Speng.
1078 3931 1174 3985 σοναγ.
1187 3934 1262 3985 τεχν,

113 4010 139 4063 0.
154 4002 221 4066 131),
239 4004 320 4068 atque
331 3997 359 4052 id
371 3995 516 4068 praecipuo
532 4004 644 4068 propter
656 3999 738 4052 rerba
749 3996 796 4054 ἐπὶ
807 3997 921 4069 μέρους,
940 3998 1039 4068 quihus
1051 3999 1204 4053 luculenter
1216 4015 1262 4053 ex·

111 4081 256 4140 clndnntur
273 4083 391 4139 theses
409 4082 632 4154 philosophorum
649 4083 718 4154 (Syr.
734 4083 772 4137 IV
791 4089 832 4149 10,
851 4086 875 4140 2.
893 4099 974 4140 anon.
992 4083 1017 4139 V
1037 4088 1094 4150 596,
1115 4089 1155 4138 15.
1173 4083 1211 4138 IV
1231 4089 1262 4138 10
